% -- A --
@inproceedings{ashby2006iterative,
  author    = {Thomas J. Ashby and
               Michael F. P. O'Boyle},
  title     = {Iterative Collective Loop Fusion},
  booktitle = {CC: Compiler Construction},
  year      = {2006}
}

% -- B --
@book{banerjee1993loop,
  title={Loop transformations for restructuring compilers: the foundations},
  author={Banerjee, Utpal},
  volume={1},
  year={1993},
  publisher={Springer}
}

@inproceedings{buss1995herbrand,
    title={On Herbrand's theorem},
    author={Buss, Samuel R},
    booktitle={Logic and Computational Complexity},
    pages={195--209},
    year={1995},
    organization={Springer}
}


% -- C --
@article{chatterjee1993nested,
  author    = {Siddhartha Chatterjee},
  title     = {Compiling Nested Data-Parallel Programs for Shared-Memory
               Multiprocessors},
  journal   = {TOPLAS: Transactions on Programming Languages and Systems},
  volume    = {15},
  number    = {3},
  year      = {1993}
}


@inproceedings{chatterjee1991size,
  author    = {Siddhartha Chatterjee and
               Guy E. Blelloch and
               Allan L. Fisher},
  title     = {Size and Access Inference for Data-Parallel Programs},
  booktitle = {PLDI: Programming Language Design and Implementation},
  year      = {1991}
}


@inproceedings{chakravarty2007data,
  title={Data Parallel Haskell: a status report},
  author={Chakravarty, Manuel MT and Leshchinskiy, Roman and Peyton Jones, Simon and Keller, Gabriele and Marlow, Simon},
  booktitle={Proceedings of the 2007 workshop on Declarative aspects of multicore programming},
  pages={10--18},
  year={2007},
  organization={ACM}
}


@inproceedings{coutts2007streamfusion,
  author    = {Duncan Coutts and
               Roman Leshchinskiy and
               Don Stewart},
  title     = {Stream fusion: from lists to streams to nothing at all},
  booktitle = {ICFP: International Conference on Functional Programming},
  year      = {2007}
}


% -- D --
@inproceedings{darte2002contraction,
  author    = {Alain Darte and
               Guillaume Huard},
  title     = {New Results on Array Contraction},
  booktitle = {ASAP},
  year      = {2002},
}


@inproceedings{darte1999complexity,
  author    = {Alain Darte},
  title     = {On the Complexity of Loop Fusion},
  booktitle = {PACT: Parallel Architectures and Compilation Techniques},
  year      = {1999}
}

% -- E --

% -- F --

% -- G --
@inproceedings{gao1993collective,
  author    = {Guang R. Gao and
               R. Olsen and
               Vivek Sarkar and
               Radhika Thekkath},
  title     = {Collective Loop Fusion for Array Contraction},
  booktitle = {LCPC: Languages and Compilers for Parallel Computing},
  year      = {1992}
}

@inproceedings{gill1993short,
    title={A short cut to deforestation},
    author={Gill, Andrew and Launchbury, John and Peyton Jones, Simon L},
    booktitle={Proceedings of the conference on Functional programming languages and computer architecture},
    year={1993},
    organization={ACM}
}

% -- H --

% -- I --

% -- J --
@techreport{jay1996shape,
    title={Shape checking of array programs},
    author={Jay, C Barry and Sekanina, Milan},
    year={1996},
    institution={Citeseer}
}

% -- K --
@inproceedings{keller2010repa,
  author    = {Gabriele Keller and
               Manuel M. T. Chakravarty and
               Roman Leshchinskiy and
               Simon L. Peyton Jones and
               Ben Lippmeier},
  title     = {Regular, shape-polymorphic, parallel arrays in {H}askell},
  booktitle = {ICFP: International Conference on Functional Programming},
  year      = {2010}
}


@TECHREPORT{kennedy1993typedfusion,
    author      = {Ken Kennedy and Kathryn S. Mckinley},
    title       = {Typed fusion with applications to parallel and sequential code generation},
    institution = {Rice University},
    year        = {1993}
}


@article{kennedy2001fastgreedy,
  author    = {Ken Kennedy},
  title     = {Fast Greedy Weighted Fusion},
  journal   = {International Journal of Parallel Programming},
  volume    = {29},
  number    = {5},
  year      = {2001}
}


% -- L --
@inproceedings{lippmeier2013flow,
  author    = {Ben Lippmeier and
               Manuel M. T. Chakravarty and
               Gabriele Keller and
               Amos Robinson},
  title     = {Data flow fusion with series expressions in {H}askell},
  booktitle = {Haskell Symposium},
  year      = {2013}
}


% -- M --
@inproceedings{mainland2013exploiting,
  author    = {Geoffrey Mainland and
               Roman Leshchinskiy and
               Simon L. Peyton Jones},
  title     = {Exploiting vector instructions with generalized stream fusio},
  booktitle = {ICFP: International Conference on Functional Programming},
  year      = {2013}
}

@article{martelli1982efficient,
    title={An efficient unification algorithm},
    author={Martelli, Alberto and Montanari, Ugo},
    journal={ACM Transactions on Programming Languages and Systems (TOPLAS)},
    volume={4},
    number={2},
    year={1982},
    publisher={ACM}
}

@inproceedings{megiddo1998optimal,
  author    = {Nimrod Megiddo and
               Vivek Sarkar},
  title     = {Optimal Weighted Loop Fusion for Parallel Programs},
  booktitle = {SPAA: Symposium on Parallel Algorithms and Architectures},
  year      = {1997}
}

% -- N --

% -- O --
@article{odersky1999type,
    title={Type inference with constrained types},
    author={Odersky, Martin and Sulzmann, Martin and Wehr, Martin},
    journal={TAPOS},
    volume={5},
    number={1},
    year={1999},
    publisher={Citeseer}
}

% -- P --
@INPROCEEDINGS{peytonjones2001rules,
    author      = {Simon Peyton Jones and Andrew Tolmach and Tony Hoare},
    title       = {Playing by the Rules: Rewriting as a practical optimisation technique in {GHC}},
    booktitle   = {Haskell Workshop},
    year        = {2001}
}

@inproceedings{benabderrahmane2010polyhedral,
  author    = {Mohamed-Walid Benabderrahmane and
               Louis-No{\"e}l Pouchet and
               Albert Cohen and
               C{\'e}dric Bastoul},
  title     = {The Polyhedral Model Is More Widely Applicable Than You
               Think},
  booktitle = {CC: Compiler Construction},
  year      = {2010},
}

@inproceedings{pouchet2011polyhedral,
  author    = {Louis-No{\"e}l Pouchet and
               Uday Bondhugula and
               C{\'e}dric Bastoul and
               Albert Cohen and
               J. Ramanujam and
               P. Sadayappan and
               Nicolas Vasilache},
  title     = {Loop transformations: convexity, pruning and optimization},
  booktitle = {POPL: Principles of Programming Languages},
  year      = {2011}
}

@inproceedings{pouchet2010combined,
  author    = {Louis-No{\"e}l Pouchet and
               Uday Bondhugula and
               C{\'e}dric Bastoul and
               Albert Cohen and
               J. Ramanujam and
               P. Sadayappan},
  title     = {Combined Iterative and Model-driven Optimization in an Automatic
               Parallelization Framework},
  booktitle = {SC: High Performance Computing, Networking, Storage and Analysis},
  year      = {2010}
}

% -- Q --

% -- R --
@inproceedings{rompf2013optimizing,
  title={Optimizing data structures in high-level programs: new directions for extensible compilers based on staging},
  author={Rompf, Tiark and Sujeeth, Arvind K and Amin, Nada and Brown, Kevin J and Jovanovic, Vojin and Lee, HyoukJoong and Jonnalagedda, Manohar and Olukotun, Kunle and Odersky, Martin},
  booktitle={ACM SIGPLAN Notices},
  volume={48},
  number={1},
  pages={497--510},
  year={2013},
  organization={ACM}
}


% -- S --
@inproceedings{sarkar1991optimization,
  author    = {Vivek Sarkar and
               Guang R. Gao},
  title     = {Optimization of array accesses by collective loop transformations},
  booktitle = {ICS: International Conference on Supercomputing},
  year      = {1991},
  ee        = {http://doi.acm.org/10.1145/109025.109077},
  bibsource = {DBLP, http://dblp.uni-trier.de}
}

@article{song2004improving,
  author    = {Yonghong Song and
               Rong Xu and
               Cheng Wang and
               Zhiyuan Li},
  title     = {Improving Data Locality by Array Contraction},
  journal   = {IEEE Transactions on Computers},
  volume    = {53},
  number    = {9},
  year      = {2004}
}


% -- T --

% -- U --

% -- V --
@inproceedings{venkat2014polyhedral,
  author    = {Anand Venkat and
               Manu Shantharam and
               Mary W. Hall and
               Michelle Mills Strout},
  title     = {Non-affine Extensions to Polyhedral Code Generation},
  booktitle = {CGO: Code Generation and Optimization},
  year      = {2014}
}

% -- W --

% -- X --

% -- Y --

% -- Z --

