%!TEX root = Main.tex

% -- a ------------------------------------------------------------------------
@article{Amarasinghe:streamit,
  author    = {Saman P. Amarasinghe and
               Michael I. Gordon and
               Michal Karczmarek and
               Jasper Lin and
               David Maze and
               Rodric M. Rabbah and
               William Thies},
  title     = {Language and Compiler Design for Streaming Applications},
  journal   = {International Journal of Parallel Programming},
  volume    = {33},
  number    = {2-3},
  year      = {2005}
}


% -- c ------------------------------------------------------------------------
@inproceedings{Caspi:kahn-networks,
  author    = {Paul Caspi and
               Marc Pouzet},
  title     = {Synchronous {K}ahn Networks},
  booktitle = {ICFP: International Conference on Functional Programming},
  year      = {1996},
  publisher = {ACM}
}

@inproceedings{Caspi:functional-extension-to-lustre,
  author        = {Paul Caspi and Marc Pouzet},
  title         = {{A Functional Extension to Lustre}},
  booktitle     = {International Symposium on Languages for
                      Intentional Programming},
  year          = 1995,
  publisher     = {World Scientific}
}

@inproceedings{Caspi:Lustre,
  author    = {Paul Caspi and
               Daniel Pilaud and
               Nicolas Halbwachs and
               John Plaice},
  title     = {Lustre: A Declarative Language for Programming Synchronous
               Systems},
  booktitle = {POPL: Principles of Programming Languages},
  year      = {1987},
  publisher = {ACM}
}

@inproceedings{Chakravarty:functional-array-fusion,
  author    = {Manuel M. T. Chakravarty and
               Gabriele Keller},
  title     = {Functional Array Fusion},
  booktitle = {ICFP: International Conference on Functional Programming},
  publisher = {ACM},
  year      = {2001}
}

@INPROCEEDINGS{Chatterjee:size-access-inference,
    author      = {Siddhartha Chatterjee and Guy E. Blelloch and Allan L. Fisher},
    title       = {Size and Access Inference for Data-Parallel Programs},
    booktitle   = {PLDI: Programming Language Design and Implementation},
    year        = {1991},
    publisher   = {ACM}
}

@inproceedings{Claessen:push-arrays,
  author    = {Koen Claessen and
               Mary Sheeran and
               Joel Svensson},
  title     = {Expressive array constructs in an embedded {GPU} kernel programming language},
  booktitle = {DAMP: Declarative Aspects of Multicore Programming},
  publisher = {ACM},
  year      = {2012}
}


@inproceedings{Coutts:stream-fusion,
  author    = {Duncan Coutts and
               Roman Leshchinskiy and
               Don Stewart},
  title     = {Stream fusion: from lists to streams to nothing at all},
  booktitle = {ICFP: Internal Conference of Functional Programming},
  publisher = {ACM},
  year      = {2007}
}


% -- g ------------------------------------------------------------------------
@inproceedings{Gokhale:streams-c,
  author    = {Maya Gokhale and
               Janice M. Stone and
               Jeffrey M. Arnold and
               Mirek Kalinowski},
  title     = {Stream-Oriented {FPGA} Computing in the {Streams-C} High Level
               Language},
  booktitle = {FCCM: Field Programmable Custom Computing Machines},
  year      = {2000}
}

@inproceedings{Grelck:with-loop-fusion,
         author = {Grelck, Clemens and Hinckfu\ss, Karsten and Scholz, Sven-Bodo},
         title  = {With-Loop fusion for data locality and parallelism},
         booktitle = {IFL: Implementation and Application of Functional Languages},
         year   = {2006},
         publisher = {Springer-Verlag}
        } 

@inproceedings{Gill:short-cut,
    author      = {Andrew Gill and John Launchbury and Simon L Peyton Jones},
    title       = {A Short Cut to Deforestation},
    booktitle   = {FPCA: Functional Programming Languages and Computer Architecture},
    year        = {1993},
    publisher   = {ACM}
}


% -- h ------------------------------------------------------------------------
@inproceedings{Halbwachs:data-flow-compilation,
    author      = {Nicolas Halbwachs and Pascal Raymond and Christophe Ratel},
    title       = {Generating Efficient Code From Data-Flow Programs},
    booktitle   = {PLILP: Programming Langauge Implementation and Logic Programming},
    year        = {1991}
}


@phdthesis{Hughes:thesis, 
        author  = {John Hughes},
        title   = {{The Design and Implementation of Programming Languages}}, 
        school  = {Programming Research Group, Oxford University},
        month   = {July}, 
        year    = {1983}
}


@inproceedings{Hu:Tupling,
        author  = {Hu, Zhenjiang and Iwasaki, Hideya and Takeichi, Masato and Takano, Akihiko},
        title   = {Tupling calculation eliminates multiple data traversals},
        booktitle = {ICFP: International Conference on Functional Programming},
        year    = {1997},
        publisher = {ACM},
} 


% -- k ------------------------------------------------------------------------
@inproceedings{Keller:Repa,
  author    = {Gabriele Keller and
               Manuel M. T. Chakravarty and
               Roman Leshchinskiy and
               Simon L. {Peyton Jones} and
               Ben Lippmeier},
  title     = {Regular, {S}hape-polymorphic, {P}arallel {A}rrays in {H}askell},
  booktitle = {ICFP: International Conference on Functional Programming},
  publisher = {ACM},
  year      = {2010},
  ee        = {http://doi.acm.org/10.1145/1863543.1863582},
  bibsource = {DBLP, http://dblp.uni-trier.de}
}


% -- l ------------------------------------------------------------------------
@inproceedings{Launchbury:state-threads,
  author    = {John Launchbury and
               Simon L. Peyton Jones},
  title     = {Lazy Functional State Threads},
  booktitle = {PLDI: Programming Language Design and Implementation},
  publisher = {ACM},
  year      = {1994}
}


@inproceedings{Lippmeier:guiding,
  author    = {Ben Lippmeier and
               Manuel M. T. Chakravarty and
               Gabriele Keller and
               Simon L. Peyton Jones},
  title     = {Guiding parallel array fusion with indexed types},
  booktitle = {Haskell Symposium},
  year      = {2012},
  pages     = {25-36},
  publisher = {ACM}
}


@inproceedings{Lippmeier:stencil,
  author    = {Ben Lippmeier and
               Gabriele Keller},
  title     = {Efficient parallel stencil convolution in {Haskell}},
  booktitle = {Haskell Symposium},
  publisher = {ACM},
  year      = {2011}
}


% -- m ------------------------------------------------------------------------
@inproceedings{Marlow:pointer-tagging,
  author    = {Simon Marlow and
               Alexey Rodriguez Yakushev and
               Simon Peyton Jones},
  title     = {Faster laziness using dynamic pointer tagging},
  booktitle = {ICFP: International Conference on Functional Programming},
  year      = {2007} 
}


@inproceedings{Meijer:bananas,
  author    = {Erik Meijer and
               Maarten Fokkinga and
               Ross Paterson},
  title     = {Functional Programming with Bananas, Lenses, Envelopes and
               Barbed Wire},
  booktitle = {FPCA: Functional Programming Languages and Computer Architecture},
  publisher = {ACM},
  year      = {1991}
}


% -- p ------------------------------------------------------------------------
@inproceedings{PeytonJones:harnessing-the-multicores,
  author        = {Simon {Peyton Jones} and Roman Leshchinskiy and 
                 Gabriele Keller and Manuel M. T. Chakravarty},
  title         = {Harnessing the Multicores: Nested Data Parallelism in {Haskell}},
  booktitle     = {FSTTCS: Foundations of Software Technology and Theoretical Computer Science},
  year          = {2008},
  publisher     = {Schloss Dagstuhl},
}


@inproceedings{PeytonJones:unboxed,
  author        = {Simon {Peyton Jones} and John Launchbury},
  title         = {Unboxed Values as First Class Citizens in a Non-Strict Functional Language},
  booktitle     = {FPCA: Functional Programming and Computer Architecture},
  publisher     = {ACM},
  year          = {1991}
}


@manual{Pouzet:lucid-synchrone,
  author        = {Marc Pouzet},
  title         = {{Lucid Synchrone}, version 3.
                  {Tutorial and reference manual}},
  organization  = {Universit\'e Paris-Sud, LRI},
  month         = {April},
  year          = 2006
}

% -- r ------------------------------------------------------------------------
@inproceedings{Romph:Scala,
        author  = {Rompf, Tiark and others},
        title   = {Optimizing data structures in high-level programs: new directions for extensible compilers based on staging},
        booktitle = {POPL: Principles of Programming Languages},
        year    = {2013},
        location = {Rome, Italy},
        publisher = {ACM},
} 

% -- s ------------------------------------------------------------------------
@inproceedings{Shivers:anatomy-of-a-loop,
  author    = {Olin Shivers},
  title     = {The anatomy of a loop},
  booktitle = {ICFP: International Conference on Functional Programming},
  publisher = {ACM},
  year      = {2005}
}

@article{Stephens:stream-survey,
  author    = {Robert Stephens},
  title     = {A Survey of Stream Processing},
  journal   = {Acta Informatica},
  volume    = {34},
  number    = {7},
  year      = {1997}
}


@inproceedings{Sulzmann:system-fc,
  author    = {Martin Sulzmann and
               Manuel M. T. Chakravarty and
               Simon L. Peyton Jones and
               Kevin Donnelly},
  title     = {System F with type equality coercions},
  booktitle = {TLDI: Types in Language Design and Implementation},
  publisher = {ACM},
  year      = {2007} 
}

@inproceedings{Sarkar:loop-transformations,
  title         = {Optimization of array accesses by collective loop transformations},
  author        = {Sarkar, Vivek and Gao, Guang R},
  booktitle     = {International Conference on Supercomputing},
  year          = {1991},
  organization  = {ACM}
}

@article{Song:array-contraction,
  title         ={Improving data locality by array contraction},
  author        ={Song, Yonghong and Xu, Rong and Wang, Cheng and Li, Zhiyuan},
  journal       ={IEEE Transactions on Computers},
  volume        ={53},
  number        ={9},
  year          ={2004}
}

@book{Steele:lisp,
  title         = {Common Lisp the Language},
  author        = {Guy Steele},
  publisher     = {Digital Press},
  year          = {1990}
}


% -- w ------------------------------------------------------------------
@inproceedings{Wadler:listnessness,
  author    = {Philip Wadler},
  title     = {Listlessness is Better than Laziness},
  booktitle = {LISP and Functional Programming},
  year      = {1984}
}


@inproceedings{Warren:reordering,
  author    = {Joe D. Warren},
  title     = {A Hierarchical Basis for Reordering Transformations},
  booktitle = {POPL: Principles of Programming Languages},
  year      = {1984},
  publisher = {ACM}

}


@article{Waters:series-expressions,
  author    = {Richard C. Waters},
  title     = {Automatic Transformation of Series Expressions into Loops},
  journal   = {TOPLAS: Transactions on Programming Languages and Systems},
  volume    = {13},
  number    = {1},
  year      = {1991},
  publisher = {ACM}
}

@inproceedings{Waters:series-expressions-interpretation,
  author    = {Richard C. Waters},
  title     = {Efficient interpretation of synchronizable series expressions},
  booktitle = {PLDI: Programming Language Design and Implementation},
  year      = {1987},
  publisher = {ACM}
}
