

@unpublished{Bernardy:Composable,
  author    = {Jean-Philippe Bernardy and 
               V\'ictor L\'opez Juan and  
               Josef Svenningsson},
  title     = {Composable Efficient Array Computations using Linear Types},
  note      = {Unpublished Draft},
  year      = {2016}
}

@inproceedings{Bernardy:Duality,
  author    = {Jean-Philippe Bernardy and 
               Josef Svenningsson},
  title     = {On the Duality of Streams.
               How Can Linear Types Help to Solve the Lazy {IO} Problem?},
  booktitle = {IFL: Implementation and Application of Functional Languages},
  year      = {2015}
}

@inproceedings{Claessen:ExpressiveArray,
  author    = {Koen Claessen and
               Mary Sheeran and
               Joel Svensson},
  title     = {Expressive array constructs in an embedded {GPU} kernel programming
               language},
  booktitle = {DAMP: Declarative Aspects of Multicore Programming},
  year      = {2012},
}


@article{Graefe:Volcano,
  author    = {Goetz Graefe},
  title     = {Volcano - An Extensible and Parallel Query Evaluation System},
  journal   = {{IEEE} Transactions on Knowledge Data Engineering},
  volume    = {6},
  number    = {1},
  year      = {1994}
}


@inproceedings{Kay:YouPull,
  author    = {Michael Kay},
  title     = {{You Pull, I'll Push: on the Polarity of Pipelines}},
  booktitle = {Balisage: The Markup Conference},
  year      = {2009}
}


@inproceedings{Kiselyov:Iteratee,
  author    = {Oleg Kiselyov},
  title     = {Iteratees},
  booktitle = {FLOPS: Functional and Logic Programming},
  year      = {2012}
}


@inproceedings{Kulkarn:Heron,
  author    = {Sanjeev Kulkarni and
               Nikunj Bhagat and
               Maosong Fu and
               Vikas Kedigehalli and
               Christopher Kellogg and
               Sailesh Mittal and
               Jignesh M. Patel and
               Karthik Ramasamy and
               Siddarth Taneja},
  title     = {Twitter {H}eron: Stream Processing at Scale},
  booktitle = {SIGMOD: International Conference on Management of Data},
  year      = {2015},
}


@inproceedings{Lippmeier:Guiding,
  author    = {Ben Lippmeier and
               Manuel M. T. Chakravarty and
               Gabriele Keller and
               Simon L. Peyton Jones},
  title     = {Guiding parallel array fusion with indexed types},
  booktitle = {Haskell Symposium},
  year      = {2012}
}


@inproceedings{Lippmeier:DataFlow,
  author    = {Ben Lippmeier and
               Manuel M. T. Chakravarty and
               Gabriele Keller and
               Amos Robinson},
  title     = {Data flow fusion with series expressions in {H}askell},
  booktitle = {Haskell Symposium},
  year      = {2013}
}


@inproceedings{Shvachko:Hadoop,
  author    = {Konstantin Shvachko and
               Hairong Kuang and
               Sanjay Radia and
               Robert Chansler},
  title     = {{The {H}adoop Distributed File System}},
  booktitle = {MSST: Mass Storage Systems and Technologies},
  year      = {2010},
}


@inproceedings{Mandel:Lucy,
  author    = {Louis Mandel and
               Florence Plateau and
               Marc Pouzet},
  title     = {Lucy-n: a n-Synchronous Extension of {L}ustre},
  booktitle = {Mathematics of Program Construction},
  year      = {2010},
}

@inproceedings{Neumeyer:S4,
  author    = {Leonardo Neumeyer and
               Bruce Robbins and
               Anish Nair and
               Anand Kesari},
  title     = {{S4:} Distributed Stream Computing Platform},
  booktitle = {ICDMW: International Conference on Data Mining},
  year      = {2010}
}


@inproceedings{Svensson:Defunctionalizing,
  author    = {Bo Joel Svensson and
               Josef Svenningsson},
  title     = {Defunctionalizing push arrays},
  booktitle = {FHPC: Functional High-Performance Computing},
  year      = {2014}
}


@inproceedings{Zaharia:RDDs,
  author    = {Matei Zaharia and
               Mosharaf Chowdhury and
               Tathagata Das and
               Ankur Dave and
               Justin Ma and
               Murphy McCauly and
               Michael J. Franklin and
               Scott Shenker and
               Ion Stoica},
  title     = {Resilient Distributed Datasets: {A} Fault-Tolerant Abstraction for
               In-Memory Cluster Computing},
  booktitle = {NSDI: Networked Systems Design and Implementation},
  year      = {2012}
}


@misc{hackage:conduit,
  author = {Michael Snoyman},
  title  = {The conduit {H}askell package},
  note   = {\texttt{http://hackage.haskell.org/package/conduit}}
}


@misc{hackage:enumerator,
  author = {John Millikin and Mikhail Vorozhtsov},
  title  = {The enumerator {H}askell package},
  note   = {\texttt{http://hackage.haskell.org/package/enumerator}}
}


@misc{hackage:machines,
  author = {Edward Kmett and RÃºnar Bjarnason and Josh Cough},
  title  = {The machines {H}askell package},
  note   = {\texttt{http://hackage.haskell.org/package/machines}}
}


@misc{hackage:pipes,
  author = {Gabriel Gonzalez},
  title  = {The pipes {H}askell package},
  note   = {\texttt{http://hackage.haskell.org/package/pipes}}
}


@misc{github:akka,
  author = {Viktor Klang and Patrik Nordwall et al},
  title  = {The {A}kka project},
  note   = {\texttt{http://github.com/akka/akka}}
}


@misc{github:scalaz-streams,
  author = {Paul Chiusano and Pavel Chlupacek et al},
  title  = {The scalaz-streams library},
  note   = {\texttt{http://github.com/functional-streams-for-scala/fs2}}
}

