
% -- b --------------------------------

@inproceedings{Bergstrom:2010:LazyTreeSplitting,
 author = {Bergstrom, Lars and Rainey, Mike and Reppy, John and Shaw, Adam and Fluet, Matthew},
 title = {Lazy tree splitting},
 booktitle = {Proc. of the International Conference on Functional Programming},
 series = {ICFP '10},
 year = {2010},
 isbn = {978-1-60558-794-3},
 location = {Baltimore, Maryland, USA},
 pages = {93--104},
 numpages = {12},
 url = {http://doi.acm.org/10.1145/1863543.1863558},
 doi = {10.1145/1863543.1863558},
 acmid = {1863558},
 publisher = {ACM},
 address = {New York, NY, USA},
 keywords = {compilers, nested-data-parallel languages, run-time systems, scheduling},
} 



@article{ Blelloch:compiling-collection-oriented-languages
	, author 	= {Guy Blelloch and Gary W. Sabot}
	, title 	= {Compiling Collection-Oriented Languages onto Massively Parallel Computers}
	, journal 	= {Journal of Parallel and Distributed Computing}
	, year 		= {1990}
	, volume 	= {8}
	, pages 	= {119--134} }


@TECHREPORT
        { Blelloch:nesl-3_1
        , author        = {Guy E. Blelloch}
        , title         = {{NESL}: A Nested Data-Parallel Language (Version 3.1)}
        , institution   = {Carnegie Mellon University}
        , year          = {1995} }


@book   { Blelloch:vector-models
        , author        = {Blelloch, Guy E.}
        , title         = {Vector models for data-parallel computing}
        , year          = {1990}
        , publisher     = {MIT Press} }


@article
	{ Blelloch:implementation-portable
	, author 	= {Blelloch, Guy E. and Hardwick, Jonathan C. and Sipelstein, Jay and Zagha, Marco and Chatterjee, Siddhartha}
	, title 	= {Implementation of a portable nested data-parallel language}
	, journal 	= {J. Parallel Distrib. Comput.}
	, volume 	= {21}
	, issue 	= {1}
	, month 	= {April}
	, year 		= {1994}
 	, pages 	= {4--14}
 	, publisher 	= {Academic Press, Inc.} }


@techreport
	{ Blelloch:nesl1995
	, author 	= {Guy Blelloch and Parallel Ram Model}
    	, title 	= {Nesl: A Nested Data-Parallel Language}
	, institution 	= {Carnegie Mellon University}
	, year 		= {1995} }


@inproceedings
	{ Blelloch:provable-type-and-space-efficient
	, author 	= {Guy E. Blelloch and John Greiner}
	, title 	= {A Provable Time and Space Efficient Implementation of {NESL}}
	, booktitle 	= {ICFP 1996: International Conference on Functional Programming}
	, year 		= {1996}
	, pages 	= {213--225} }

% -- c --------------------------------

@inproceedings{chak-etal:ATs,
 author = {Manuel M. T. Chakravarty and Gabriele Keller and Simon 
	   {Peyton Jones} and Simon Marlow},
 title = {Associated Types with Class},
 booktitle = {POPL 2005: Principles of Programming Languages},
 year = {2005},
 pages = {1--13},
 publisher = {ACM Press},
 }

@inproceedings
	{ Coutts:stream-fusion
	, author 	= {Coutts, Duncan and Leshchinskiy, Roman and Stewart, Don}
	, title 	= {Stream fusion\: from lists to streams to nothing at all}
	, booktitle 	= {ICFP 2007: International Conference on Functional Programming}
 	, year 		= {2007}
	, location	= {Freiburg, Germany}
	, pages		= {315--326}
 	, publisher	= {ACM} }
    
@InProceedings{chak-etal:DPH,
  author = 	 {Manuel M. T. Chakravarty and Roman Leshchinskiy and Simon 
  	 	  {Peyton Jones} and Gabriele Keller and Simon Marlow},
  title = 	 {{D}ata {P}arallel {H}askell: a status report},
  booktitle     = {{DAMP} 2007: Declarative Aspects of Multicore Programming},
  year = 	 2007,
  publisher = {ACM Press}
}

% -- f --------------------------------
@inproceedings{Fluet:2008:Manticore,
 author = {Fluet, Matthew and Rainey, Mike and Reppy, John},
 title = {A scheduling framework for general-purpose parallel languages},
 booktitle = {ICFP 2008: International Conference on Functional Programming},
 year = {2008},
 pages = {241--252},
 publisher = {ACM},
} 

% isbn = {978-1-59593-919-7},
% location = {Victoria, BC, Canada},
% numpages = {12},
% url = {http://doi.acm.org/10.1145/1411204.1411239},
% doi = {10.1145/1411204.1411239},
% acmid = {1411239},
% address = {New York, NY, USA},
% keywords = {compilers, heterogeneous parallel languages, run-time systems, scheduling},

% -- h --------------------------------
@Article{ghuloum-etal:Ct,
  author =   {Anwar Ghuloum and Terry Smith and Gansha Wu and Xin Zhou
      and Jesse Fang and Peng Guo and Byoungro So and 
   Mohan Rajagopalan and Yongjian Chen and Biao Chen},
  title =   {Future-Proof Data Parallel Algorithms and Software on {Intel}
         Multi-Core Architecture},
  journal =   {Intel Technology Journal},
  year =   2007,
  month =   {November}}

% -- h --------------------------------
@misc	{ Hill:vectorising
	, author 	= {Jonathan Hill and Keith M. Clarke and Richard Bornat}
	, title 	= {Vectorising a Non-Strict Data-Parallel Functional Language}
	, year		= 1994 }

% -- l --------------------------------
@phdthesis
	{ Leshchinskiy:higher-order-ndp
	, author	= {Roman Leshchincskiy}
	, title		= {Higher-Order Nested Data Parallelism}
	, year		= {2006} 
	, school	= {Technische Universit\"at Berlin}}

@inproceedings
        { Leshchinskiy:higher-order-flattening
        , title         = {Higher Order Flattening}
        , author        = {Roman Leshchinskiy and Manuel M. T. Chakravarty and Gabriele Keller}
        , year          = {2006}
        , pages         = {920-928}
        , booktitle     = {ICCS 2006: International Conference on Computational Science}
        , volume        = {3992}
        , publisher     = {Springer} }

@techreport
	{ lippmeier-etal:replicate-tr
	, author        = {Ben Lippmeier and Manuel M. T. Chakravarty and Gabriele Keller and Roman Leshchinskiy and Simon Peyton Jones}
	, title         = {Work Efficient Higher-Order Vectorisation (Unabridged)}
	, institution 	= {University of New South Wales}
        , type          = {Technical Report}
        , number        = {UNSW-CSE-TR-201208}
        , year 		= {2012}
        }

@INPROCEEDINGS
        { Coutts:streamfusion
        , author        = {Duncan Coutts and Roman Leshchinskiy and Don Stewart}
        , title         = {Stream Fusion: from Lists to Streams to Nothing at All}
        , booktitle     = {ICFP 2007: International Conference on Functional Programming}
        , year          = {2007}
}

% -- m -------------------------------
@inproceedings
	{ Mairson:deciding-ml-typability
	, author 	= {Mairson, Harry G.}
	, title 	= {Deciding {ML} typability is complete for deterministic exponential time}
	, booktitle 	= {POPL 1990: Principles of Programming Languages}
 	, year 		= {1990}
 	, pages 	= {382--401}
 	, publisher 	= {ACM} }

% -- p --------------------------------
@inproceedings
	{ PeytonJones:playing-by-the-rules
	, author	= {Peyton Jones, Simon and Andrew Tolmach and Tony Hoare}
	, title 	= {Playing by the Rules: Rewriting as a practical optimisation technique in {GHC}}
	, booktitle	= {Proc. of the Haskell Workshop}
	, year 		= {2001} }

@InProceedings{PeytonJones:harnessing-the-multicores,
  author = 	 {Simon {Peyton Jones} and Roman Leshchinskiy and 
  	 	 Gabriele Keller and Manuel M. T. Chakravarty},
  title = 	 {Harnessing the Multicores: Nested Data Parallelism in 
  		 {Haskell}},
  booktitle =	{FSTTCS 2008: Foundations of Software Technology and Theoretical Computer Science},
  year =	{2008},
  publisher =	{Schloss Dagstuhl},
  series = {LIPIcs},
  pages = {383--414} }
%  URL =		{http://drops.dagstuhl.de/opus/volltexte/2008/1769}}

@inproceedings
        { PeytonJones:let-floating
        , author        = {Simon {Peyton Jones} and Will Partain and Andr√© Santos}
        , title         = {Let-Floating: Moving Bindings to Give Faster Programs}
        , booktitle     = {ICFP 1996: International Conference on Functional Programming}
        , year          = {1996}
        , pages         = {1--12} }


@inproceedings
        { Palmer:piecewise
        , author        = {Daniel W. Palmer and Jan F. Prins and Siddhartha Chatterjee and Rickard E. Faith}
        , title         = {Piecewise Execution of Nested Data-Parallel Programs}
        , booktitle     = {Languages and Compilers for Parallel Computing, volume 1033 of Lecture Notes in Computer Science}
        , year          = {1995}
        , pages         = {346--361}
        , publisher     = {Springer-Verlag} }

@inproceedings
	{ Palmer:work-efficient-nested-data-parallelism
	, author 	= {Daniel W. Palmer and Jan F. Prins and Stephen Westfold}
    	, title 	= {Work-Efficient Nested Data-Parallelism}
    	, booktitle 	= {Proc. of the 5th Symposium on the Frontiers of Massively Parallel Processing}
	, year 		= {1995}
	, pages 	= {186--193}
	, publisher 	= {IEEE} }

@inproceedings
	{ Prins:transformation-vector-operations
	, author 	= {Jan F. Prins and Daniel W. Palmer}
	, title 	= {Transforming High-Level Data-Parallel Programs into Vector Operations}
	, booktitle 	= {Proc. of the 4th ACM SIGPLAN Symposium on Principles and Practice of Parallel Programming }
	, year 		= {1993}
	, pages 	= {119--128}
	, publisher 	= {ACM} }


% -- r --------------------------------
@inproceedings
	{ Riley:provably-correct-vectorisation
	, author 	= {Riely, J. W. and Prins, J. and Iyer, S. P.}
	, title 	= {Provably correct vectorization of nested-parallel programs}
	, booktitle 	= {Proc.\ of the Conf.\ on Prog.\ Models for Massively Parallel Computers}
	, year 		= {1995}
	, publisher 	= {IEEE Computer Society} }
    
@inproceedings
        { Riely:flattening-improvement
        , author        = {Riely, James and Prins, Jan}
        , title         = {Flattening Is an Improvement}
        , booktitle     = {Proc.\ of the 7th International Symposium on Static Analysis}
        , year          = {2000}
        , pages         = {360--376}
        , numpages      = {17} }
        

% -- s --------------------------------
@inproceedings
        { spoonhower-etal:space-profiling
        , author        = {Daniel Spoonhower and Guy E. Blelloch and Robert Harper and Phillip B. Gibbons}
        , title         = {Space Profiling for Parallel Functional Programs}
        , booktitle     = {ICFP 2008: International Conference on Functional Programming}
        , year          = 2008 }

@techreport
	{ spoonhower-etal:space-profiling-tech-report
	, author        = {Daniel Spoonhower and Guy E. Blelloch and Robert Harper and Phillip B. Gibbons}
	, title         = {Space Profiling for Parallel Functional Programs}
	, institution 	= {Carnegie Mellon University}
        , type          = {Technical Report}
        , number        = {CMU-CS-08-110}
        , year 		= {2008} }


% -- t --------------------------------
@inproceedings
	{ Terei:llvm-backend-for-ghc
	, author 	= {Terei, David A. and Chakravarty, Manuel M.T.}
	, title 	= {An {LLVM} backend for {GHC}}
	, booktitle 	= {Proc. of the third ACM {S}ymposium on {H}askell}
	, year 		= {2010}
	, location 	= {Baltimore, Maryland, USA}
	, pages 	= {109--120}
 	, publisher 	= {ACM} }

