
@article{hong:microstrip,
  title={Design of highly selective microstrip bandpass filters with a single pair of attenuation poles at finite frequencies},
  author={Hong, Jia-Sheng and Lancaster, Michael J},
  journal={IEEE Transactions on Microwave Theory and Techniques},
  volume={48},
  number={7},
  pages={1098--1107},
  year={2000},
  publisher={IEEE}
}

@article{hong:couplings,
  title={Couplings of microstrip square open-loop resonators for cross-coupled planar microwave filters},
  author={Hong, Jia-Sheng and Lancaster, Michael J},
  journal={Microwave Theory and Techniques, IEEE Transactions on},
  volume={44},
  number={11},
  pages={2099--2109},
  year={1996},
  publisher={IEEE}
}

@article{hong:performance,
  title={On the performance of HTS microstrip quasi-elliptic function filters for mobile communications application},
  author={Hong, Jia-Sheng and Lancaster, Michael J and Jedamzik, Dieter and Greed, Robert B and Mage, Jean-Claude},
  journal={Microwave Theory and Techniques, IEEE Transactions on},
  volume={48},
  number={7},
  pages={1240--1246},
  year={2000},
  publisher={IEEE}
}

@book{Shen:hts,
  title = {High Temperature Superconducting Microwave Circuits},
  author = {Zhi-Yuan Shen},
  publisher = {Artech House inc},
  year = {1994}
}
