
@misc	{ aiken:fl-project
    	, author 	= {Alexander Aiken and John H. Williams and Edward L. Wimmers}
	, title 	= {The {FL} project: The design of a functional language}
	, year 		= {1991} }

@inproceedings
	{ aramsky:lazy-lambda-calculus
	, author 	= {Samson Abramsky}
	, title 	= {The lazy lambda calculus}
	, booktitle 	= {Research Topics in Functional Programming}
	, year 		= {1990}
	, pages 	= {65--116}
	, publisher 	= {Addison-Wesley} }

@inproceedings
	{ augustsson:lml
	, author 	= {Lennart Augustsson}
 	, title 	= {A compiler for lazy {ML}}
	, booktitle 	= {LFP 1984: Proc. of the Symposium on LISP and Functional Programming}
	, year 		= {1984}
	, isbn 		= {0-89791-142-3}
	, pages 	= {218--227}
	, location 	= {Austin, Texas, United States}
	, doi 		= {http://doi.acm.org/10.1145/800055.802038}
	, publisher 	= {ACM} }

@techreport
	{ augustsson:splitting-unique
	, author 	= {Lennart Augustsson and Mikael Rittri and Dan Synek}
	, title 	= {Splitting infinite sets of unique names by hidden state changes}
	, type 		= {Report 67, Programming Methodology Group, Chalmers University}
	, month 	= may
	, year 		= {1992} 
  	}

@inproceedings
	{ avron:edinburgh-lf
    	, author 	= {Arnon Avron and Furio Honsell and Ian A. Mason}
    	, title 	= {An overview of the {E}dinburgh {L}ogical {F}ramework}
    	, booktitle 	= {In Current Trends in Hardware Verification and Automated Theorem Proving, G. Birtwistle}
	, year 		= {1989}
	, pages 	= {323--240}
	, publisher 	= {Springer-Verlag} }
