@inproceedings
	{ backus:liberate
	, title		= "Can Programming Be Liberated from the von {N}eumann Style?
				{A} Functional Style and Its Algebra of Programs"
	, author	= "John Backus"
	, year		= 1978
	, month		= aug
	, booktitle	= "Communications of the ACM"
	, volume	= "21, number 8" }

@inproceedings
	{ bakewell:space-usage
	, author 	= {Bakewell,, Adam and Runciman,, Colin}
	, title 	= {A model for comparing the space usage of lazy evaluators}
	, booktitle 	= {PPDP 2000: Proc. of the International Conference 
					on Principles and Practice of Declarative Programming}
	, year 		= {2000}
	, isbn 		= {1-58113-265-4}
	, pages 	= {151--162}
	, location 	= {Montreal, Quebec, Canada}
	, doi 		= {http://doi.acm.org/10.1145/351268.351287}
	, publisher 	= {ACM} }

@inproceedings
	{ banning:find-side-effects
	, author 	= {John P. Banning}
	, title 	= {An efficient way to find the side effects of procedure calls and the aliases of variables}
	, booktitle 	= {POPL 1979: Proc. of the Symposium on Principles of Programming Languages}
	, year		= {1979}
	, pages		= {29--41}
	, location	= {San Antonio, Texas}
	, doi		= {http://doi.acm.org/10.1145/567752.567756}
	, publisher	= {ACM} }


@inproceedings
	{ barendsen:conventional-and-uniqueness
	, author 	= {Erik Barendsen and Sjaak Smetsers}
	, title 	= {Conventional and uniqueness typing in graph rewrite systems}
	, booktitle 	= {FSTTCS 1993: Proc. of the Conference on the
				Foundations of Software Technology and Theoretical Computer Science}
	, year 		= {1993}
	, pages 	= {41--51}
	, publisher 	= {Springer-Verlag} }

@inproceedings
	{ barendsen:uniqueness
    	, author 	= {Erik Barendsen and Sjaak Smetsers}
	, title 	= {Uniqueness typing in theory and practice}
	, booktitle	= {PLILP 1995: Proc. of the International Symposium on Programming Languages}
	, publisher	= {Springer}
	, year 		= {1994} }


@inproceedings
	{ benton:monads-effects-transformations
	, author 	= {Nick Benton and Andrew Kennedy}
	, title 	= {Monads, effects and transformations}
	, booktitle 	= {Electronic Notes in Theoretical Computer Science}
	, year		= {1999}
	, pages 	= {1--18}
	, publisher 	= {Elsevier} }

@inproceedings
	{ benton:relational-semantics-effect-transformations
	, author 	= {Nick Benton and Andrew Kennedy and Lennart Beringer and Martin Hofmann }
	, title 	= {Relational semantics for effect-based program transformations with dynamic allocation}
	, booktitle 	= {PPDP 2007: Proc. of the International Conference
				on Principles and Practice of Declarative Programming}
	, year 		= {2007}
	, isbn 		= {978-1-59593-769-8}
	, pages 	= {87--96}
	, location 	= {Wroclaw, Poland}
	, doi 		= {http://doi.acm.org/10.1145/1273920.1273932}
	, publisher 	= {ACM} }

@inproceedings
	{ benton:mlj
	, author 	= { Nick Benton and Andrew Kennedy and George Russell}
	, title 	= {Compiling standard {ML} to {J}ava bytecodes}
	, booktitle 	= {ICFP 1998: Proc. of the International Conference on Functional Programming}
	, location	= {Baltimore, Maryland USA}
	, year 		= {1998}
	, pages 	= {129--140}
	, doi 		= {http://doi.acm.org/10.1145/291251.289435}
	, publisher 	= {ACM} }

@inproceedings
	{ benton:semantics-effect-analysis
	, author 	= {Nick Benton and Peter Buchlovsky}
	, title 	= {Semantics of an effect analysis for exceptions}
	, booktitle 	= {TLDI 2007: Proc. of the International Workshop on Types in Languages Design and Implementation}
	, year 		= {2007}
	, isbn 		= {1-59593-393-X}
	, pages 	= {15--26}
	, location 	= {Nice, France}
	, doi 		= {http://doi.acm.org/10.1145/1190315.1190320}
	, publisher 	= {ACM} }

@inproceedings
	{ bird:nested-datatypes
	, author 	= {Richard Bird and Lambert Meertens}
	, title 	= {Nested Datatypes}
	, booktitle 	= {MPC 1998: Proc.s of the Mathematics of Program Construction}
	, year 		= {1998}
	, isbn 		= {3-540-64591-8}
	, pages 	= {52--67}
	, publisher 	= {Springer-Verlag} }

@inproceedings
	{ birka:reference-immutability
	, author 	= {Adrian Birka and Michael D. Ernst}
	, title 	= {A practical type system and language for reference immutability}
	, booktitle 	= {OOPSLA 2004: Proc. of the Conference on Object-Oriented Programming, 
				Systems, Languages, and Applications}
	, year 		= {2004}
	, isbn 		= {1-58113-831-9}
	, pages 	= {35--49}
	, location	= {Vancouver, BC, Canada}
	, doi 		= {http://doi.acm.org/10.1145/1028976.1028980}
	, publisher 	= {ACM} }

@inproceedings
	{ burn:strictness
	, author 	= {Geoffrey Burn and Chris Hankin and Samson Abramsky}
	, title 	= {The theory of strictness analysis for higher order functions}
	, booktitle	= {Programs as data objects}
	, year		= {1985}
	, isbn		= {0-387-16446-4}
	, pages		= {42--62}
	, location	= {Copenhagen, Denmark}
	, publisher	= {Springer-Verlag} }

