@inproceedings
	{ cann:retire-fortran
	, title		= "Retire {F}ortran? A Debate Rekindled"
	, author	= "David Cann"
	, year		= 1991
	, month		= jul
	, booktitle	= "ACM/IEEE Conference on Supercomputing" }

@article
	{ cardone:recursive-types
	, author 	= {Felice Cardone and Mario Coppo}
	, title 	= {Type inference with recursive types: syntax and semantics}
	, journal 	= {Information and Computation}
	, volume 	= {92}
	, number	= {1}
	, year		= {1991}
	, issn 		= {0890-5401}
	, pages 	= {48--80}
	, doi 		= {http://dx.doi.org/10.1016/0890-5401(91)90020-3}
	, publisher 	= {Academic Press, Inc.} }

@article
	{ cartwright:soft-typing
	, author 	= {Robert Cartwright and Mike Fagan}
	, title 	= {Soft typing}
	, journal	= {SIGPLAN Notices}
	, volume	= {39}
	, number	= {4}
	, year		= {2004}
	, issn		= {0362-1340}
	, pages		= {412--428}
	, doi		= {http://doi.acm.org/10.1145/989393.989435}
	, publisher	= {ACM} }

@techreport
	{ cheong:frag
	, author	= {Mun Hon Cheong}
	, title		= {Functional Programming and 3{D} Games}
	, year		= 2005
	, institution	= {University of New South Wales}
	, url		= "http://www.haskell.org/haskellwiki/Frag" }

@inproceedings
	{ chakravarty:associated-types
	, author 	= {Manuel M. T. Chakravarty and Gabriele Keller and Simon Peyton Jones and Simon Marlow}
	, title 	= {Associated types with class}
	, booktitle 	= {POPL 2005: Proc. of the International Conference on Principles of Programming Languages}
	, year 		= {2005}
	, pages 	= {1--13}
	, publisher 	= {ACM Press} }

@misc	{ haskell-ffi
	, title		= "Haskell 98 Foreign Function Interface 1.0"
	, editor	= "Manuel Chakravarty"
	, year		= "2002"
	, note		= "http://www.cse.unsw.edu.au/~chak/haskell/ffi/ffi/ffi.html" 
	, key		= "Chakravarty" }

@inproceedings
	{ chen:type-lambda-var
	, author 	= {Kung Chen and Martin Odersky}
	, title 	= {A Type System for a Lambda Calculus with Assignments}
	, booktitle 	= {TACS '94: Proc. of the International Conference on Theoretical Aspects of Computer Software}
	, year 		= {1994}
	, isbn		= {3-540-57887-0}
	, pages		= {347--364}
	, publisher	= {Springer-Verlag} }


@article
	{ chaitin:graph-coloring
	, author	= {Gregory Chaitin}
	, title		= {Register allocation and spilling via graph coloring}
	, journal	= {Best of PLDI 1979-1999}
	, volume	= {39}
	, number	= {4}
	, year		= {2004}
	, issn		= {0362-1340}
	, pages		= {66--74}
	, doi		= {http://doi.acm.org/10.1145/989393.989403}
	, publisher	= {ACM} }
 
@inproceedings
	{ cook:universal
	, author	= {Matthew Cook}
	, title		= {Universiality in Elementry Cellular Automata }
	, booktitle	= {Complex Systems}
	, year		= {2004}
	, pages		= {1--40}
	, volume	= 1 }

@inproceedings
	{ coutts:stream-fusion
	, author 	= {Duncan Coutts and Roman Leshchinskiy and Don Stewart}
	, title 	= {Stream fusion: from lists to streams to nothing at all}
	, booktitle 	= {ICFP 2007: Proc. of the International Conference on Functional Programming}
	, year 		= {2007}
	, isbn 		= {978-1-59593-815-2}
	, pages 	= {315--326}
	, location 	= {Freiburg, Germany}
	, doi 		= {http://doi.acm.org/10.1145/1291151.1291199}
	, publisher 	= {ACM} }

@inproceedings
	{ crary:capabilities
	, author 	= {Karl Crary and David Walker and Greg Morrisett}
	, title		= {Typed memory management in a calculus of capabilities}
	, booktitle	= {POPL 1999: Proc. of the International Conference on Principles of Programming Languages}
	, year		= {1999}
	, pages		= {262--275}
	, publisher	= {ACM Press} }

@misc	{ c99-standard
	, title		= "{ISO/IEC 9899:TC2 The C programming language, committee draft}"
	, key		= "C"
	, year		= 2005
	, month		= may }

@misc	{ cpp-standard
	, title		= "{ISO/IEC IS 14882: The C++ programming language standard, committie draft, 2008-10-08}"
	, key		= "Cpp"
	, year		= 2008
	, month		= oct }



