@inproceedings
	{ damas:principle-type-schemes
	, author 	= {Luis Damas and Robin Milner}
	, title 	= {Principal type-schemes for functional programs}
	, booktitle 	= {POPL 1982: Proc. of the Symposium on Principles of Programming Languages}
	, year 		= {1982}
	, isbn 		= {0-89791-065-6}
	, pages 	= {207--212}
	, location 	= {Albuquerque, Mexico}
	, doi 		= {http://doi.acm.org/10.1145/582153.582176}
	, publisher 	= {ACM} }

@inproceedings
	{ deline:vault
	, author 	= {Robert Deline and Manuel Fahndrich }
	, title 	= {Enforcing high-level protocols in low-level software}
	, booktitle 	= {PLDI 2001: Proc. of the Conference on Programming Language Design and Implementation}
	, doi 		= {http://dx.doi.org/10.1145/378795.378811}
	, issn 		= {0362-1340}
	, month 	= {May}
	, pages		= {59--69}
	, publisher 	= {ACM Press}
	, volume 	= {36}
	, year 		= {2001} }

@article
	{ duggan:explaining-type-inference
	, author 	= {Dominic Duggan and Frederick Bent}
	, title		= {Explaining type inference}
	, journal	= {Science of Computer Programming}
	, volume	= {27}
	, number	= {1}
	, year		= {1996}
	, issn		= {0167-6423}
	, pages		= {37--83}
	, doi		= {http://dx.doi.org/10.1016/0167-6423(95)00007-0}
	, publisher	= {Elsevier North-Holland, Inc.} 
 	}

@inproceedings
	{ dunfield:intersections-and-unions
	, author	= {Joshua Dunfield and Frank Pfenning}
    	, title		= {Type assignment for intersections and unions in call-by-value languages}
    	, booktitle	= {FOSSACS 2003: Proc. of the International Conference on Foundations of Software Science 
				and Computation Structures}
    	, year 		= {2003}
	, pages 	= {250--266}
    	, publisher 	= {Springer LNCS}
	}

