@article
	{ erwig:visual-type-inference
	, title		= {Visual Type Inference}
	, author	= {Martin Erwig}
	, journal	= {Journal of Visual Languages and Computing}
	, volume	= {17}
	, number	= {2}
 	, year		= {2006}
	, pages		= {161-186} }
