@article
	{ felleisen:expressive-power
	, author 	= {Matthias Felleisen}
	, title 	= {On the expressive  power of programming languages}
	, journal	= {Science of Computer Programming}
	, volume	= {17}
	, number	= {1-3}
	, year		= {1991}
	, issn		= {0167-6423}
	, pages		= {35--75}
	, doi		= {http://dx.doi.org/10.1016/0167-6423(91)90036-W}
	, publisher	= {Elsevier North-Holland, Inc.} }

@inproceedings
	{ filinski:representing-monads
	, author 	= {Andrzej Filinski}
	, title 	= {Representing monads}
	, booktitle 	= {POPL 1994: Proc. of the Symposium on Principles of Programming Languages}
	, year		= {1994}
	, isbn		= {0-89791-636-0}
	, pages		= {446--457}
	, location	= {Portland, Oregon, United States}
	, doi		= {http://doi.acm.org/10.1145/174675.178047}
	, publisher	= {ACM} }

@article
	{ fluet:monadic-regions
	, author 	= {Matthew Fluet and Greg Morrisett}
	, title		= {Monadic regions}
	, journal	= {Journal of Functional Programming}
	, volume	= {16}
	, number	= {4-5}
	, year		= {2006}
	, issn		= {0956-7968}
	, pages		= {485--545}
	, doi 		= {http://dx.doi.org/10.1017/S095679680600596X}
	, publisher	= {Cambridge University Press} }

@article
	{ foster:type-qualifiers
	, author 	= {Jeffrey S. Foster and Manuel F\"{a}hndrich and Alexander Aiken }
	, title 	= {A theory of type qualifiers}
	, journal 	= {SIGPLAN Notices}
	, volume 	= {34}
	, number 	= {5}
	, year 		= {1999}
	, issn 		= {0362-1340}
	, pages 	= {192--203}
	, doi 		= {http://doi.acm.org/10.1145/301631.301665}
	, publisher 	= {ACM} }
