@inproceedings
	{ garrigue:relaxing
	, author    	= "Jacques Garrigue"
	, title    	= "Relaxing the Value Restriction"
	, booktitle 	= "APLAS 2002: Proc. of the Asian Workshop on Programming Languages and Systems"
	, location	= "Shanghai, China"
	, year      	= "2002"
	, pages     	= "31-45" }

@article
	{ gay:rc
	, author 	= {David Gay and Alex Aiken}
	, title 	= {Language support for regions}
	, journal 	= {SIGPLAN Notices}
	, volume 	= {36}
	, number	= {5}	
	, year 		= {2001}
	, issn 		= {0362-1340}
	, pages 	= {70--80}
	, doi 		= {http://doi.acm.org/10.1145/381694.378815}
	, publisher 	= {ACM}
	, address 	= {New York, NY, USA} }

@misc	{ gcc-4.3.2
	, title		= "{GCC} 4.2.3 Online Documentation" 
	, key		= "GCC"
	, note		= "http://gcc.gnu.org"
	, year		= 2009 }

@book
	{ giancoli:efficiency
	, author	= "Douglas C. Giancoli"
	, title		= "Physics for Scientists and Engineers, Third Edition"
	, publisher	= "Prentice Hall"
	, year		= "2000"
	, pages		= "518-519" }


@inproceedings
	{ gifford:integrating
 	, author 	= {David K. Gifford and John M. Lucassen}
 	, title 	= {Integrating functional and imperative programming}
 	, booktitle 	= {LFP 1986: Proc. of the Conference on LISP and Functional Programming}
 	, year 		= {1986}
 	, isbn 		= {0-89791-200-4}
 	, pages 	= {28--38}
 	, location 	= {Cambridge, Massachusetts, United States}
 	, doi 		= {http://doi.acm.org/10.1145/319838.319848}
 	, publisher 	= {ACM} }

@techreport
	{ gifford:report-on-fx
	, author	= {David K. Gifford and Pierre Jouvelot and Mark A. Sheldon and James W. O'Toole}
	, title		= {Report on the {FX} Programming Language}
	, year		= 1991
	, institution	= {Massachusetts Institute of Technology} }

@misc	{ gosling:java-standard
	, title		= {The {J}ava language specification, third edition}
	, author	= {James Gosling and Bill Joy and Guy Steele and Gilad Bracha}
	, publisher	= {Addison-Wesley}
	, year		= 2005 }


@article
	{ grossman:region-cyclone
	, author 	= {Dan Grossman 
				and Greg Morrisett 
				and Trevor Jim and Michael Hicks and Yanling Wang and James Cheney}
	, title 	= {Region-based memory management in {c}yclone}
	, journal	= {SIGPLAN Notices}
	, volume	= {37}
	, number	= {5}
	, year		= {2002}
	, issn		= {0362-1340}
	, pages		= {282--293}
	, doi		= {http://doi.acm.org/10.1145/543552.512563}
	, publisher	= {ACM} }

@article
	{ grossman:quantified-imperative
	, author	= {Dan Grossman}
	, title		= {Quantified types in an imperative language}
	, journal	= {ACM Trans. Programming Languages and Systems}
	, volume	= {28}
	, number	= {3}
	, year		= {2006}
	, issn		= {0164-0925}
	, pages		= {429--475}
	, doi		= {http://doi.acm.org/10.1145/1133651.1133653}
	, publisher	= {ACM} }
 
@book
	{ gunter:semantics
	, author	= {Carl A. Gunter}
	, title		= {Semantics of {P}rogramming {L}anguages}
	, publisher	= {MIT Press}
	, year		= 1992 }


@phdthesis
	{ gupta:functional-encapsulation
	, author 	= {Shail Aditya Gupta}
	, title 	= {Functional encapsulation and type reconstruction
				in a strongly-typed, polymorphic language}
	, year 		= {1995}
	, school 	= {Massachusetts Institute of Technology} }


@inproceedings
	{ gustavsson:space-improvement
	, author 	= {J\"{o}rgen Gustavsson and David Sands}
	, title 	= {Possibilities and limitations of call-by-need space improvement}
	, booktitle	= {ICFP 2001: Proc. of the International Conference on Functional Programming}
	, year 		= {2001}
	, isbn		= {1-58113-415-0}
	, pages		= {265--276}
	, location	= {Florence, Italy}
	, doi		= {http://doi.acm.org/10.1145/507635.507667}
	, publisher	= {ACM} }
