@article
	{ hall:type-classes
	, author 	= {Cordelia Hall and Kevin Hammond and Peyton Jones, Simon and Philip Wadler}
	, title 	= "Type classes in {H}askell"
	, journal 	= {Trans. on Programming Languages and Systems}
	, volume 	= {18}
	, number	= {2}
	, year 		= {1996}
	, issn 		= {0164-0925}
	, pages 	= {109--138}
	, doi 		= {http://doi.acm.org/10.1145/227699.227700}
	, publisher 	= {ACM} }


@book	{ haskell98-report
	, title		= "Haskell 98 Language and Libraries: The Revised Report."		
	, editor	= "Peyton Jones, Simon" 
	, year		= 2003
	, month		= apr
	, publisher	= "Cambridge University Press" }

@misc	{ haskell-cafe
	, key		= "haskell cafe"
	, title		= "Haskell-Cafe mailing list"
	, url		= "http://www.haskell.org/pipermail/haskell-cafe" 
	, year		= 2007 }

@inproceedings
	{ hammond:parallel-intro
	, title		= "Parallel Functional Programming: An Introduction"
	, author	= "Kevin Hammon"
	, year		= 1994
	, month		= sep
	, booktitle	= "PASCO 1994: Symposium on Parallel Symbolic Computation" }

@article{ harris:feedback-parallelism
	, author 	= {Tim Harris and Satnam Singh}
	, title		= {Feedback directed implicit parallelism}
	, journal	= {ICFP 2007: Proc. of the International Conference on Functional Programming}
	, year		= {2007}
	, month		= oct
	, location	= {Freiburg, Germany}
	, pages		= {251--264}
	, publisher	= {ACM} }
	
@misc	{ haskell-prime:deepseq
	, title		= "Haskell' deepseq proposal"
	, note		= "http://hackage.haskell.org/trac/haskell-prime/wiki/deep\_seq"
	, key		= "Haskell"
	, year		= 2008
	, month		= nov }

@techreport
	{ heeren:constraint-type-inferencing
	, title		= "Constraint Based Type Inferencing in {H}elium"
	, author	= "Bastiaan Heeren and Jurriaan Hage and Doaitse Swierstra"
	, institution	= "Institute of Information and {C}omputer {S}cience, {U}niversiteit {U}trecht"
	, year		= 2003 }

@techreport
	{ heeren:generalising-hm
	, author 	= {Bastiaan Heeren and Jurriaan Hage and Doaitse Swierstra}
	, title 	= {Generalizing {H}indley-{M}ilner type inference algorithms}
	, institution	= "Institute of Information and {C}omputer {S}cience, {U}niversiteit {U}trecht"
	, year		= {2002} }

@techreport
	{ heeren:improving-type-error-messages
	, author	= {Bastiaan Heeren and Johan Jeuring and Doaitse Swierstra and Pablo Azero Alcocer }
	, title		= {Improving type-error messages in functional languages}
	, institution	= "Institute of Information and {C}omputer {S}cience, {U}niversiteit {U}trecht"
	, year		= {2002} }

@phdthesis
	{ heeren:top-quality-error-messages
	, title		= "Top Quality Error Messages"
	, author	= {Bastian Heeren}
	, school	= "Departement Informatica, Universiteit Utrecht"
	, year		= 2005 }


@book	{ hennessy:computer-architecture
	, author	= { John L. Hennessy and David A. Patterson }
	, title		= { {C}omputer {A}rchitecture a {Q}uantative {A}pproach, 2nd {E}d }
	, year		= 1996
	, publisher	= { Morgan Kaufmann } }

@inproceedings
	{ henderson:accurate
	, author 	= {Henderson, Fergus}
	, title 	= {Accurate garbage collection in an uncooperative environment}
	, booktitle 	= {ISMM '02: Proc. International Symposium on Memory Management}
	, year 		= {2002}
	, isbn 		= {1-58113-539-4}
	, pages 	= {150--156}
	, location 	= {Berlin, Germany}
	, doi 		= {http://doi.acm.org/10.1145/512429.512449}
	, publisher 	= {ACM} }

@techreport
	{ hinze:generic-programming-in-haskell
	, author	= {Ralf Hinze and Johan Jeuring and Andres L{\o}h}
	, title 	= {Comparing approaches to generic programming in {H}askell}
	, institution	= {ICS, Utrecht University}
	, year		= {2006} }

@article
	{ hughes:fp-matters
	, author 	= {John Hughes}
	, title		= {Why Functional Programming Matters}
	, journal	= {Computer Journal}
	, volume	= {32}
	, number	= {2}
        , pages		= {98--107}
	, year 		= {1989} }

@phdthesis
	{ hughes:thesis
	, author	= {John Hughes}
	, title		= {The design and implementation of programming languages}
	, school	= {Oxford University Computing Laboratory}
	, year		= 1983 }

@article
	{ hutton:monadic-parsing
	, author 	= {Graham Hutton and Erik Meijer}
	, title 	= {Monadic parsing in {H}askell}
	, journal 	= {Journal of Functional Programming}
	, volume 	= {8}
	, number	= {4}
	, year		= {1998}
	, issn		= {0956-7968}
	, pages		= {437--444}
	, doi 		= {http://dx.doi.org/10.1017/S0956796898003050}
	, publisher	= {Cambridge University Press}  }
