@manual
	{ intel:instruction-set
	, title		= "{IA}-32 {Intel Architecture Software Developer's Manual}"
	, key		= {Intel}
	, month		= mar
	, year		= 2006
	, organization	= { Intel Corporation } }


