@inproceedings
	{ jay:scrap-type
	, author 	= {Barry Jay and Peyton Jones, Simon}
	, title 	= {Scrap Your Type Applications}
	, booktitle 	= {MPC '08: Proc. International Conference on Mathematics of Program Construction}
	, year		= {2008}
	, isbn		= {978-3-540-70593-2}
	, pages		= {2--27}
	, location	= {Marseille, France}
	, doi		= {http://dx.doi.org/10.1007/978-3-540-70594-9_2}
	, publisher	= {Springer-Verlag} }
 
@inproceedings
	{ jim:cyclone
	, author	= {Trevor Jim and Greg Morrisett and Dan Grossman 
				and Michael Hicks and James Cheney and Yanling Wang}
	, title		= "{C}yclone: A Safe Dialect of {C}"
	, booktitle	= {USENIX Annual Technical Conference}
	, pages		= {275-288}
	, location	= {Monterey, CA}
	, year		= {2002}
	, month		= jun}

@inproceedings
	{ jones:typing-haskell
	, author 	= {Mark P. Jones}
	, title 	= {Typing {H}askell in {H}askell}
	, booktitle	= {Haskell Workshop}
	, year 		= {1999} }

@incollection
	{ jones:qualified-types
	, author 	= "Mark P. Jones"
	, title 	= "A Theory of Qualified Types"
	, booktitle	= {ESOP 1992: Proc. of the European Symposium on Programming}
	, volume 	= "582"
	, publisher	= "Springer-Verlag"
	, pages		= "287-306"
	, year		= "1992"
	, url 		= "citeseer.ist.psu.edu/jones92theory.html" }

@inproceedings
	{ jones:constructor-classes
	, author	= "Mark P. Jones"
	, title 	= "{A} system of constructor classes: overloading and implicit higher-order polymorphism"
	, booktitle	= "{FPCA} 1993: Proc. of the Conference on Functional Programming and Computer Architecture"
	, publisher	= "ACM Press"
	, pages		= "52--61"
	, year		= "1993"
	, url		= "citeseer.ist.psu.edu/jones95system.html" }

@inproceedings
	{ jones:functional-dependencies
	, author 	= {Mark P. Jones}
	, title 	= {Type classes with functional dependencies}
	, booktitle 	= {ESOP 2000: Proc. of the European Symposium on Programming}
	, year 		= {2000}
	, pages 	= {230--244}
	, publisher 	= {Springer-Verlag} }

@inproceedings
	{ johnsson:lambda-lifting
	, author 	= "Thomas Johnsson"
	, title 	= "Lambda lifting: transforming programs to recursive equations"
	, booktitle 	= "Proc. of the Conference on Functional Programming Languages and Computer Architecture"
	, publisher 	= "Springer-Verlag Inc."
	, address 	= "New York, NY, USA"
	, year 		= "1985"
	, url 		= "citeseer.ist.psu.edu/johnsson85lambda.html" }

@inproceedings
	{ jouvelot:reconstruction-types-and-effects
	, author 	= {Pierre Jouvelot and David Gifford}
	, title 	= {Algebraic reconstruction of types and effects}
	, booktitle 	= {POPL '91: Proc. of the Symposium on Principles of Programming Languages}
	, year		= {1991}
	, isbn		= {0-89791-419-8}
	, pages		= {303--310}
	, location	= {Orlando, Florida, United States}
	, doi 		= {http://doi.acm.org/10.1145/99583.99623}
	, publisher	= {ACM}  }
 