@misc
	{ karczmarczuk:monaditis
	, author	= "J. Karczmarczuk"
	, title		= "Symbol type?"
	, journal	= "The Haskell-Cafe Mailing list"
	, publisher	= "haskell.org"
	, note		= "http://www.mail-archive.com/haskell-cafe@haskell.org/msg30981.html"
	, month		= oct 
	, year		= 2008 }

@article
	{ knuth:structured-programming
	, author 	= {Donald E. Knuth}
	, title		= {Structured programming with go to statements}
	, journal	= {Computing Surveys}
	, year		= {1974}
	, volume	= {6}
	, pages		= {261--301} }

