@inproceedings
	{ lammel:scrap-your-boilerplate
	, author 	= {Ralf L\"ammel and Peyton Jones, Simon}
	, title 	= {Scrap your boilerplate: a practical design pattern for generic programming}
	, booktitle	= {TLDI 2003: Proc. of the Workshop on Types in Language Design and Implementation}
	, year 		= {2003}
	, publisher	= {ACM Press} }


@inproceedings
	{ lattner:pointer-compression
	, author	= "Chris Lattner and Vikram Adve"
	, title		= "Transparent Pointer Compression for Linked Data Structures"
	, booktitle	= "MSP 2005: Proc. of the Workshop on Memory System Performance"
	, location	= "Chicago, Illinois"
	, month		= jun
	, year		= 2005 }

@inproceedings
	{ lattner:llvm
	, author	= {Chris Lattner and Vikram Adve}
	, title		= "{LLVM: A Compilation Framework for Lifelong Program Analysis \& Transformation}"
	, booktitle 	= {CGO 2004: Proc. of the International Symposium on Code Generation and Optimization}
	, month		= {Mar}
	, year		= {2004} }
 
@inproceedings
	{ launchbury:lazy
	, author 	= {John Launchbury}
	, title 	= {A Natural Semantics for Lazy Evaluation}
	, booktitle 	= {POPL 1993: Proc. of the Conference on Principles of Programming Languages}
	, year 		= {1993}
	, pages 	= {144--154}
	, publisher 	= {ACM Press} }

@inproceedings
	{ launchbury:lazy-functional-state-threads
	, author 	= {John Launchbury and Peyton Jones, Simon}
	, title 	= {Lazy functional state threads}
	, booktitle	= {PLDI 1994: Proc. of the Conference on Programming Languages Design and Implementation}
	, year 		= {1994}
	, pages 	= {24--35}
	, publisher 	= {ACM Press} }

@techreport
	{ launchbury:lazy-imperative
	, author 	= {John Launchbury}
	, title 	= {Lazy imperative programming}
	, institution	= {Yale University}
	, year		= {1993}
	, pages 	= {46--56} }

@inproceedings
	{ launchbury:unboxing-unpointed-types
	, title 	= "Parametricity and Unboxing with Unpointed Types"
	, author 	= "John Launchbury and Ross Paterson"
	, booktitle 	= {ESOP 1996: European Symposium of Programming}
	, location 	= "Link{\"o}ping, Sweden"
	, volume 	= 1058
	, publisher 	= "Springer"
	, isbn 		= "3-540-61055-3"
	, pages 	= "204-218"
	, url 		= "http://www.soi.city.ac.uk/~ross/papers/pointed.html"
	, month 	= Apr
	, year 		= 1996 }


@inproceedings
	{ leroy:polymorphism-by-name
	, title 	= "Polymorphism By Name"
	, author	= "Xavier Leroy"
	, booktitle 	= {POPL 1993: Proc. of the Symposium on Principles of Programming Languages}
	, year		= "1993"
	, pages		= "220-231"
	, url 		= "citeseer.ist.psu.edu/565559.html" }

@techreport
	{ leroy:polymorphic-typing
	, author 	= "Xavier Leroy"
	, title		= "Polymorphic Typing of An Algorithmic Language"
	, pages		= "187"
	, year 		= "1992"
	, url 		= "citeseer.ist.psu.edu/leroy92polymorphic.html" 
	, institution	= { Institut National de Recherche en Informatique et en Automatique (INRIA) } }

@techreport	
	{ leroy:unboxing
	, author 	= "Xavier Leroy"
	, title 	= "The effectiveness of type-based unboxing"
	, institution	= "Boston College Computer Science Department"
	, year		= "1997"
	, url 		= "citeseer.ist.psu.edu/leroy97effectiveness.html" }

@inproceedings
	{ leroy:polymorphic-type-inference
	, author 	= "Xavier Leroy and Pierre Weis"
	, title 	= "Polymorphic Type Inference and Assignment"
	, booktitle 	= "POPL 1991: Proc. of the Symposium on Principles of Programming Languages"
	, publisher 	= "ACM Press"
	, pages 	= "291--302"
	, year		= "1991"
	, url 		= "citeseer.ist.psu.edu/leroy91polymorphic.html" }

@techreport
	{ leroy:ocaml-3.11
	, title		= {The {O}bjective {C}aml system, release 3.11, Documentation and user's manual.}
	, author	= {Xavier Leroy and Damien Doligez and Jacques Garrigue 
					and Didier R\'{e}my and J\'{e}r\^ouillon}
	, institution	= {Institut National de Recherche en Informatique et en Automatique}
	, year		= {2008} }

@techreport
	{ leigen:parsec
	, author      = "Daan Leijen and Erik Meijer"
	, title       = "Parsec: Direct Style Monadic Parser Combinators for the Real World"
	, institution = "Department of Computer Science, Universiteit Utrecht"
	, number      = {UU-CS-2001-27}
	, year        = 2001 }

@article
	{ leigen:qualified-types-for-MLF
	, author	= {Daan Leijen and Andres L\"{o}h }
	, title 	= {Qualified types for MLF}
 	, journal 	= {SIGPLAN Not.}
	, volume 	= {40}
	, number 	= {9}
	, year 		= {2005}
	, issn 		= {0362-1340}
	, pages 	= {144--155}
	, doi 		= {http://doi.acm.org/10.1145/1090189.1086385}
	, publisher	= {ACM}
	, address 	= {New York, NY, USA} 
}
@inproceedings	
	{ leucker:experience
	, author 	= "Martin Leucker and Thomas Noll and Perdita Stevens and Michael Weber"
  	, title 	= "Functional programming languages for verification tools: Experiences with {ML} and {H}askell"
  	, booktitle	=  {Proc. of the Scottish Functional Programming Workshop.}
	, year 		= "2001"
	, url 		= "citeseer.ist.psu.edu/leucker01functional.html" }

@book	{ lin:error-control-coding
	, author	= { Shu Lin and Daniel J. Costello, Jr }
	, title		= {Error {C}ontrol {C}oding: {F}undamentals and {A}pplications }
	, publisher	= {Prentice-Hall}
	, year		= {1983} }

@inproceedings
	{ liang:monad-transformers
	, author 	= {Sheng Liang and Paul Hudak and Mark Jones}
	, title 	= {Monad transformers and modular interpreters}
	, booktitle 	= {POPL 1995: Proc. of the Symposium on Principles of Programming Languages}
	, year 		= {1995}
	, isbn 		= {0-89791-692-1}
	, pages 	= {333--343}
	, location 	= {San Francisco, California, United States}
	, doi 		= {http://doi.acm.org/10.1145/199448.199528}
	, publisher 	= {ACM} }

@misc	
	{ louis:monads-hard-drugs
	, title		= "{Why I don't use Haskell for Functional Programming}"
	, author	= "J. Louis"
	, note		= "http://jlouisramblings.blogspot.com/2008/03/why-i-dont-use-haskell-for-functional\_08.html"
	, year		= 2008 }

@inproceedings
	{ lucassen:polymorphic-effect-systems
	, author 	= {John. M. Lucassen and David. K. Gifford}
	, title		= {Polymorphic effect systems}
	, booktitle	= {POPL 1988: Proc. of the Symposium on Principles of Programming Languages}
	, year		= {1988}
	, isbn		= {0-89791-252-7}
	, pages		= {47--57}
	, location	= {San Diego, California, United States}
	, doi		= {http://doi.acm.org/10.1145/73560.73564}
	, publisher	= {ACM} }
 
