@inproceedings
	{ macqueen:sml
	, author	= {David B. {MacQueen}}
	, title		= {Standard {ML} of {N}ew {J}ersey}
	, booktitle	= {Proc. of the Symposium on Programming Language Implementation and Logic Programming}
	, year		= {1991}
	, pages		= {1--13}
	, publisher	= {Springer-Verlag} }

@inproceedings
	{ marlow:fast-curry
	, author 	= {Simon Marlow and Peyton Jones, Simon}
	, title 	= {Making a fast curry: push/enter vs. eval/apply for higher-order languages}
	, booktitle 	= {ICFP 2004: Proc. of the International Conference on Functional programming}
	, year 		= {2004}
	, isbn 		= {1-58113-905-5}
	, pages 	= {4--15}
	, location 	= {Snow Bird, UT, USA}
	, doi 		= {http://doi.acm.org/10.1145/1016850.1016856}
	, publisher 	= {ACM} }

@book	{ milner:sml
	, title		= "The Definition of {S}tandard {ML} (revised)"
	, editor	= "Robin Milner and Mads Tofte and Robert Harper and David MacQueen"
	, publisher	= "The MIT Press"
	, year		= 1997 }

@article
	{ milner:type-polymorphism
	, author 	= {Robin Milner}
	, title 	= {A theory of type polymorphism in programming}
	, journal 	= {Journal of Computer and System Sciences}
	, year 		= {1978}
	, volume 	= {17}
	, pages 	= {348--375} }
 
@inproceedings
	{ mitchell:neil
	, title		= {Uniform Boilerplate and List Processing}
	, author	= {Neil Mitchell}	
	, booktitle	= {Proc. of the Haskell Workshop}
	, year		= 2007
	, publisher	= {ACM}
	, location	= {Frieburg, Germany}
	, month		= sep}

@inproceedings
	{ moggi:monads
	, author 	= {Eugenio Moggi}
	, title 	= {Computational lambda-calculus and monads}
	, booktitle 	= {Proc. of the Symposium on Logic in Computer Science }
	, month		= jun
	, year 		= {1989}
	, pages 	= {14--23}
	, publisher	= {IEEE Computer Society Press} }

@inproceedings
	{ mycroft:polymorphic-recursion
	, title 	= {Polymorphic Type Schemes and Recursive Definitions}
	, author 	= {Alan Mycroft}
	, booktitle 	= {Proc. of the International Symposium on Programming}
	, year 		= {1984}
	, isbn 		= {3-540-12925-1}
	, pages		= {217--228}
	, publisher	= {Springer-Verlag} }

