@inproceedings
	{ neergaard:nonlinearity-and-amnesia
	, author 	= {Peter M{\o}ller-Neergaard and Harry G. Mairson }
	, title 	= {Types, potency, and idempotency: why nonlinearity 
				and amnesia make a type system work}
	, booktitle 	= {ICFP 2004: Proc. of the International Conference on Functional Programming}
	, year 		= {2004}
	, isbn 		= {1-58113-905-5}
	, pages 	= {138--149}
	, location 	= {Snow Bird, UT, USA}
	, doi 		= {http://doi.acm.org/10.1145/1016850.1016871}
	, publisher 	= {ACM} }

@article
	{ nocker:clean
	, author	= {N{\o}cker, Eric and Sjaak Smetsers and Marko van Eekelen and Rinus Plasmeijer}
	, title		= { Concurrent {C}lean }
	, journal	= { PARLE 1991: In Proc. of Parallel Architectures and Languages Europe}
	, location	= { Eindhoven, the Netherlands }
	, publisher	= { Springer-Verlag }
	, year		= 1991
	, pages		= { 202-219 } }

@inproceedings
	{ nielson:type-and-effect-systems
    	, author 	= {Flemming Nielson and Hanne Riis Nielson}
    	, title 	= {Type and effect systems}
    	, booktitle 	= {Correct System Design, number 1710 in Lecture Notes in Computer Science}
    	, year 		= {1999}
    	, pages 	= {114--136}
    	, publisher 	= {Springer-Verlag} }

@inproceedings
	{ nielson:from-cml-to-its-process-algebra
    	, author 	= {Flemming Nielson and Hanne Riis Nielson}
    	, title 	= {From {CML} to process algebras}
    	, booktitle 	= {Theoretical Computer Science}
    	, year 		= {1993}
    	, pages 	= {493--508}
    	, publisher 	= {Springer-Verlag} }

@techreport
	{ nikhil:ph
	, title		= {{pH} Language Reference Manual, Version 1.0}
	, author	= {Rishiyur S. Nikhil and Arvind and James Hicks and  Shaft Aditya 
				and Lennart Augustsson and Jan-Willem Maessen and Yuli Zhou }
	, year		= 1995
	, month		= jan
	, institution	= {Computer Science and Artificial Intelligence Laboratory, 
				Massachusetts Institute of Technology} }