@inproceedings
	{ odersky:less-destructive
	, author 	= "Martin Odersky"
	, title 	= "How to Make Destructive Updates Less Destructive"
	, booktitle 	= "POPL 1991: Proc. of the Symposium on Principles of Programming Languages"
	, publisher	= "ACM Press"
	, pages		= "25--26"
	, year		= "1991"
	, url 		= "citeseer.ist.psu.edu/odersky91how.html" }

@inproceedings
	{ odersky:lambda-var
	, author 	= {Martin Odersky and Dan Rabin and Paul Hudak}
	, title 	= {Call by name, assignment, and the lambda calculus}
	, booktitle 	= {POPL 1993: Proc. of the Symposium on Principles of Programming Languages}
	, year 		= {1993}
	, isbn		= {0-89791-560-7}
	, pages		= {43--56}
	, location	= {Charleston, South Carolina, United States}
	, doi		= {http://doi.acm.org/10.1145/158511.158521}
	, publisher	= {ACM} }
 
@inproceedings
	{ okasaki:even-higher-order-functions-for-parsing
	, author 	= {Chris Okasaki}
    	, title	 	= {Higher-order functions for parsing or why would
					anyone ever want to use a sixth-order function}
	, booktitle 	= {Journal of Functional Programming 8}
	, year 		= {1998} }

@book	{ okasaki:pure-data
	, title		= "Purely Functional Data Structures"
	, author	= "Chris Okasaki"
	, year		= 1998
	, publisher	= "Cambridge University Press" }
	
@inproceedings
	{ okasaki:intmaps
	, author 	= {Chris Okasaki and Andrew Gill}
    	, title 	= {Fast mergeable integer maps}
    	, booktitle 	= {In Workshop on ML}
	, year 		= {1998}
	, pages 	= {77--86} }
