@inproceedings
	{ partain:nofib
	, author 	= {Will Partain}
	, title 	= {The nofib Benchmark Suite of {H}askell Programs}
	, booktitle	= {Proc. of the Glasgow Workshop on Functional Programming}
	, year		= {1992}
	, isbn		= {3-540-19820-2}
	, pages		= {195--202}
	, publisher	= {Springer-Verlag} }

@inproceedings
	{ peyton-jones:portable-assembly-language
	, author 	= {Peyton Jones, Simon and Thomas Nordin and Dino Oliva}
	, title 	= {C minus minus: A portable assembly language}
	, booktitle 	= {Proc. of the Workshop on Implementing Functional Languages}
	, year 		= {1997}
	, pages 	= {1--19}
	, publisher 	= {Springer Verlag} }

@misc
	{ peyton-jones:wearing-the-hair-shirt
	, title		= "Wearing the Hair Shirt"
	, note		= "http://research.microsoft.com/users/Cambridge/simonpj/Papers \\ /haskell-retrospective/HaskellRetrospective.pdf"
	, author	= {Peyton Jones, Simon}
	, year		= 2003 }

@article
	{ peyton-jones:transformation-based-optimiser
	, author 	= {Peyton Jones, Simon and Andr{\'e} L. M. Santos}
	, title 	= "A transformation-based optimiser for {Haskell}"
	, journal 	= "Science of Computer Programming"
	, volume 	= "32"
	, number 	= "1--3"
	, pages 	= "3--47"
	, year 		= "1998"
	, url 		= "citeseer.ist.psu.edu/peytonjones98transformationbased.html" }

@inproceedings	
	{ peyton-jones:henk
	, author	= "Peyton Jones, Simon and Erik Meijer"
	, title		= "Henk: a typed intermediate language"
	, booktitle	= {Proc. of the Workshop on Types in Compilation}
	, year		= "1997"
	, url		= "citeseer.ist.psu.edu/peytonjones97henk.html" }

@inproceedings
	{ peyton-jones:type-class-design-space
    	, author 	= {Peyton Jones, Simon and Mark Jones and Erik Meijer}
    	, title 	= {Type classes: an exploration of the design space}
    	, booktitle 	= {In Haskell Workshop}
	, year 		= {1997} }

@inbook	{ peyton-jones:implementation
	, title		= "{The Implementation of Functional Programming Languages}"
	, author	= "Peyton Jones, Simon"
	, chapter	= "13"
	, publisher	= "Prentice-Hall"
	, year		= "1987" }

@article
	{ peyton-jones:g-machine
	, author	= {Peyton Jones, Simon}
	, title		= {Implementing Lazy Functional Languages on Stock Hardware: The Spineless Tagless {G}-Machine}
	, journal	= {Journal of Functional Programming}
	, year		= {1992}
	, volume	= {2}
	, pages		= {127--202} }

@inproceedings
	{ peyton-jones:records
	, title		= {Lightweight Extensible Records for {H}askell}
	, booktitle	= {Proc. of the Haskell Workshop}
	, author	= {Mark P. Jones and Peyton Jones, Simon}
	, year		= 1999 }

@inproceedings
	{ peyton-jones:compilation-by-transformation
	, author 	= {Peyton Jones, Simon}
	, title		= {Compilation by Transformation in the {G}lasgow {H}askell {C}ompiler}
	, booktitle	= {In Glasgow Workshop on Functional Programming}
	, year		= {1994}
	, pages		= {184--204}
	, publisher	= {Springer} }

@article
	{ peyton-jones:arbitrary-rank
	, author 	= {Peyton Jones, Simon and Dimitrios Vytiniotis and Stephanie Weirich and Mark Shields}
	, title 	= {Practical type inference for arbitrary-rank types}
	, journal 	= {Journal of Functional Programming}
	, volume 	= {17}
	, number	= {1}
	, year		= {2007}
	, issn		= {0956-7968}
	, pages		= {1--82}
	, doi		= {http://dx.doi.org/10.1017/S0956796806006034}
	, publisher	= {Cambridge University Press} }

@inproceedings
	{ peyton-jones:ifp
	, title		= "Imperative Functional Programming"
	, author	= "Peyton Jones, Simon and Philip Wadler"
	, booktitle	= {Proc. of the Symposium on Principles of Programming Languages}
	, year		= 1992
	, month		= oct
	, pages		= "71--84" }

@inproceedings
	{ peyton-jones:let-floating
	, author 	= {Peyton Jones, Simon and Will Partain and Andr\'{e} Santos }
	, title 	= {Let-floating: moving bindings to give faster programs}
	, booktitle 	= {ICFP 1996: Proc. of the International Conference on Functional Programming}
	, year 		= {1996}
	, isbn 		= {0-89791-770-7}
	, pages 	= {1--12}
	, location 	= {Philadelphia, Pennsylvania, United States}
	, doi 		= {http://doi.acm.org/10.1145/232627.232630}
	, publisher 	= {ACM} }

@inproceedings
	{ peyton-jones:bridging-the-gulf
	, author 	= {Peyton Jones, Simon and Mark Shields and John Launchbury and Andrew Tolmach }
	, title 	= {Bridging the gulf: a common intermediate language for {ML} and {H}askell}
	, booktitle 	= {POPL 1998: Proc. of the Symposium on Principles of Programming Languages}
	, year 		= {1998}
	, isbn 		= {0-89791-979-3}
	, pages 	= {49--61}
	, location 	= {San Diego, California, United States}
	, doi 		= {http://doi.acm.org/10.1145/268946.268951}
	, publisher 	= {ACM} }

@book	{ pierce:tapl
	, title		= "{Types and Programming Languages}"
	, author	= "Benjamin C. Pierce"
	, publisher	= "The MIT Press"
	, year		= "2002" }

@book	{ pierce:atapl
	, title		= "{Advanced Topics in Types and Programming Languages}"
	, author	= "Benjamin C. Pierce"
	, publisher	= "The MIT Press"
	, year		= "2005" }

@article
	{ ponder:inefficient
	, author 	= {Carl G. Ponder and Patrick McGeer and Anthony P-C. Ng}
	, title 	= {Are applicative languages inefficient?}
	, journal 	= {SIGPLAN Notices}
 	, volume 	= {23}
	, number 	= {6}
	, year 		= {1988}
	, issn 		= {0362-1340}
	, pages 	= {135--139}
	, doi 		= {http://doi.acm.org/10.1145/44546.44559}
	, publisher 	= {ACM} }

@inproceedings
	{ popek:euclid
	, author 	= {Gerald J. Popek and Jim J. Horning and Butler W. Lampson and James G. Mitchell and Ralph L. London}
	, title 	= {Notes on the design of {E}uclid}
	, booktitle	= {Proc. of the Conference on Language Design for Reliable Software}
	, year		= {1977}
	, pages		= {11--18}
	, location	= {Raleigh, North Carolina}
	, publisher	= {ACM}
	, doi 		= {http://doi.acm.org/10.1145/800022.808307}}
 