@phdthesis
	{ rabin:functional-assignment
	, title		= "{Calculi for Functional Programming Languages with Assignment}"
	, author	= "Daniel Eli Rabin"
	, school	= "Yale University"
	, year		= 1996 }

@inproceedings
	{ remy:graphic-type-constraints
	, title		= "Graphic type constraints and efficient type inference: 
					From {ML} to $\textrm{ML}^\textrm{F}$"
	, author	= "Didier Remy and Boris Yakobowski"
	, booktitle	= "ICFP 2008: Proc. of the International Conference on Functional Programming"
	, year		= 2008
	, month		= sep }

@article{ remy:type-inference-for-records
	, author 	= {Didier Remy}
	, title 	= {Type inference for records in natural extension of {ML}}
	, journal	= {Theoretical aspects of object-oriented programming: types,
				semantics, and language design}
	, year		= {1994}
	, isbn		= {0-262-07155-X}
	, pages		= {67--95}
	, publisher	= {MIT Press} }
 
@inproceedings
	{ reynolds:interference
	, author 	= {John C. Reynolds}
	, title 	= {Syntactic control of interference}
	, booktitle 	= {POPL 1978: Proc. of the Symposium on Principles of Programming Languages}
	, year 		= {1978}
	, pages 	= {39--46}
	, location 	= {Tucson, Arizona}
	, doi 		= {http://doi.acm.org/10.1145/512760.512766}
	, publisher 	= {ACM} }

@inproceedings
	{ reynolds:towards-a-theory-of-type-structure
	, author 	= {Reynolds, John C.}
	, title 	= {Towards a theory of type structure}
	, booktitle 	= {Programming Symposium, Proceedings Colloque sur la Programmation}
	, year		= {1974}
	, isbn 		= {3-540-06859-7}
	, pages		= {408--423}
	, publisher	= {Springer-Verlag} }

@article
	{ rosser:highlights
	, author 	= {J. Barkley Rosser}
 	, title 	= {Highlights of the History of the Lambda-Calculus}
 	, journal 	= {IEEE Annals of the History of Computing}
 	, volume 	= {6}
 	, number 	= {4}
	, year 		= {1984}
	, issn 		= {1058-6180}
	, pages 	= {337--349}
	, doi 		= {http://dx.doi.org/10.1109/MAHC.1984.10040}
	, publisher 	= {IEEE Educational Activities Department} }
 
@inproceedings
	{ rendell:life
	, author 	= {Paul Rendell}
	, title		= {Turing universality of the game of life}
 	, booktitle	= {Collision-based {C}omputing}
 	, year		= {2002}
 	, isbn		= {1-85233-540-8}
 	, pages		= {513--539}
 	, publisher	= {Springer-Verlag} }
