@article
	{ sabry:purely
	, author 	= {Amr Sabry}
	, title 	= {What is a purely functional language?}
	, journal 	= {Journal of Functional Programming}
	, volume 	= {8}
	, number	= {1}
	, year 		= {1998}
	, issn 		= {0956-7968}
	, pages 	= {1--22}
	, doi 		= {http://dx.doi.org/10.1017/S0956796897002943}
	, publisher 	= {Cambridge University Press} }

@inproceedings
	{ sansom:time-profiling
	, author	= {Patrick Sansom}
	, title		= {Time Profiling a Lazy Functional Compiler}
	, booktitle	= {Functional Programming}
	, publisher	= {Springer-Verlag}
	, city		= Glasgow
	, year		= 1994 }

@inproceedings
	{ sansom:profiling
	, author 	= {Patrick Sansom and Peyton Jones, Simon}
	, title		= {Time and space profiling for non-strict, higher-order functional languages}
	, booktitle	= {POPL 1995: Proc. of the Symposium on Principles of Programming Languages}
	, year		= {1995}
	, isbn		= {0-89791-692-1}
	, pages		= {355--366}
	, location	= {San Francisco, California, United States}
	, doi		= {http://doi.acm.org/10.1145/199448.199531}
	, publisher	= {ACM} }

@inproceedings
	{ sastry:order-of-evaluation-analysis
	, author 	= {A. V. S. Sastry and William Clinger and Zena Ariola}
	, title 	= {Order-of-evaluation analysis for destructive updates in strict functional 
				languages with flat aggregates}
	, booktitle 	= {FPCA '93: Proc. of the Conference on Functional Programming Languages and Computer Architecture}
	, year		= {1993}
	, isbn		= {0-89791-595-X}
	, pages		= {266--275}
	, location	= {Copenhagen, Denmark}
	, doi		= {http://doi.acm.org/10.1145/165180.165222}
	, publisher	= {ACM} }

@phdthesis
	{ santos:compilation
	, title		= "{Compilation by Transformation in Non-Strict Functional Languages}"
	, key		= "Santos"	
	, author	= {Andr\'{e} Lu\'{i}s de Medeiros Santos }
	, school	= "Department of Computer Science, University of Glasgow"
	, year		= 1995 }

@inproceedings
	{ sridhar:type-inference-systems-language
	, author 	= {Swaroop Sridhar and Jonathan S. Shapiro and Scott F. Smith}
	, title 	= {Sound and Complete Type Inference for a Systems Programming Language}
	, booktitle 	= {APLAS 2008: Proc. of the Asian Symposium on Programming Languages and Systems}
	, year 		= {2008}
	, isbn 		= {978-3-540-89329-5}
	, pages 	= {290--306}
	, location 	= {Bangalore, India}
	, doi 		= {http://dx.doi.org/10.1007/978-3-540-89330-1_21}
	, publisher 	= {Springer-Verlag} }

@techreport
	{ sridhar:formalization-of-bitc-type-system
	, author	= {Swaroop Sridhar and Jonathan S. Shapiro and Scott F. Smitt}
	, title		= "{Formalization of the BitC type system}"
	, institution	= {Johns Hopkins University}
	, year		= {2009} }

@techreport
	{ shapiro:bitc-language-specification
	, author	= { Jonathan Shapiro and Swaroop Sridhar and Scott Doerrie }
	, title		= {Bit{C} Language Specification}
	, institution	= {The {EROS} Group LLC and Johns Hopkins University}
	, year		= {2008} }

@techreport
	{ shapiro:origins-of-bitc
	, author	= {Jonathan Shapiro and Swaroop Sridhar and Scott Doerrie }
	, title		= "{The origins of the BitC programming language}"
	, institution	= {The {EROS} Group LLC and Johns Hopkins University}
	, year		= {2008} }

@inproceedings
	{ sheard:curry-howard
	, title 	= {Putting {C}urry-{H}oward to Work}
	, author 	= {Tim Sheard}
	, booktitle 	= {Proc. of the Haskell Workshop}
	, month 	= "September"
	, publisher 	= "ACM Press"
	, year 		= "2005" }

@article
	{ skalka:trace-effects
	, author 	= {Christian Skalka and Scott Smith and David Van horn}
	, title 	= {Types and trace effects of higher order programs}
	, journal 	= {Journal of Functional Programming}
	, volume 	= {18}
	, number 	= {2}
	, year 		= {2008}
	, issn 		= {0956-7968}
	, pages 	= {179--249}
	, doi 		= {http://dx.doi.org/10.1017/S0956796807006466}
	, publisher 	= {Cambridge University Press} }
 

@inproceedings
	{ stewart:xmonad
	, author 	= {Don Stewart and Spencer Janssen}
	, title 	= {{XMonad}: A Tiling Window Manager}
	, booktitle	= {Proc. of the Haskell Workshop}
	, year		= {2007}
	, month		= {Sep}
	, location	= {Freiburg, Germany}
	, publisher	= {ACM Press} }

@inproceedings
	{ stroustrup:cpp
	, author	= {Bjarne Stroustrup}
	, title		= "{An overview of C++}"
	, booktitle	= {Proc. of the Workshop on Object-Oriented programming}
	, year		= {1986}
	, isbn		= {0-89791-205-5}
	, pages		= {7--18}
	, location	= {Yorktown Heights, New York, United States}
	, doi		= {http://doi.acm.org/10.1145/323779.323736}
	, publisher	= {ACM} }

@inproceedings
	{ stuckey:improving-type-error-diagnosis
	, author 	= {Peter J. Stuckey and Martin Sulzmann and Jeremy Wazny}
	, title 	= {Improving type error diagnosis}
 	, booktitle 	= {Haskell '04: Proceedings of the 2004 ACM SIGPLAN workshop on Haskell}
	, year 		= {2004}
	, isbn 		= {1-58113-850-4}
	, pages 	= {80--91}
	, location 	= {Snowbird, Utah, USA}
	, doi 		= {http://doi.acm.org/10.1145/1017472.1017486}
	, publisher 	= {ACM}
	, address 	= {New York, NY, USA} }

@inproceedings
	{ smith:graph-coloring
	, author 	= {Michael D. Smith and Norman Ramsey and Glenn Holloway}
	, title 	= {A generalized algorithm for graph-coloring register allocation}
	, booktitle	= {PLDI 2004: Proc. of the Conference on Programming Language Design and Implementation}
	, year		= {2004}
	, isbn		= {1-58113-807-5}
	, pages		= {277--288}
	, location	= {Washington DC, USA}
	, doi		= {http://doi.acm.org/10.1145/996841.996875}
	, publisher	= {ACM} }

@inproceedings
	{ sulzmann:system-Fc
	, author	= "Martin Sulzmann and Manuel M. T. Chakravarty
					and Peyton Jones, Simon and Kevin Donnelly"
	, title		= "System-{F} with Type Equality Coercions"
	, booktitle	= {Proc. of the Workshop on Types in Language Design and Implementation}
	, publisher	= "ACM Press"
	, year		= "2007" }

@article
	{ sondergaard:referential-transparency
	, author	= {Harold S{\o}ndergaard and Peter Sestoft}
	, title		= {Referential Transparency, Definiteness and Unfoldability}
	, journal	= {Acta Informatica}
	, volume	= {27}
	, number	= {6}
	, pages		= {505--517}
	, year		= {1990}
	, note		= {Reviewed in \emph{Computing Reviews} {\bf 32} (3): 144--145, 1991} }

@techreport
	{ steele:lambda-ultimate-imperative
	, author 	= {Guy L. Steele and Gerald J. Sussman}
	, title		= {Lambda: The Ultimate Imperative}
	, year		= {1976}
	, institution	= {Massachusetts Institute of Technology}
	, address 	= {Cambridge, MA, USA} }

@manual	
	{ sun:sparc-assembly
	, title		= "{SPARC} Assembly Language Reference Manual"
	, key		= {Sun Microsystems}
	, month		= may
	, year		= 2002
	, organization	= { Sun Microsystems, Inc } }

@inproceedings
	{ swarup:assignments-applicative
	, author 	= {Vipin Swarup and Uday S. Reddy and Evan Ireland}
	, title 	= {Assignments for applicative languages}
	, booktitle 	= {Proc. of the Conference on Functional Programming Languages and Computer Architecture}
	, year		= {1991}
	, isbn		= {0-387-54396-1}
	, pages		= {192--214}
	, location	= {Cambridge, Massachusetts, United States}
	, publisher	= {Springer-Verlag New York, Inc.} }
 
@article
	{ sekar:fast-strictness
	, author 	= {R. Sekar and I.V. Ramakrishnan}
	, title 	= {Fast strictness analysis based on demand propagation}
	, journal 	= {ACM Transactions on Programming Languages and Systems}
	, year 		= {1995}
	, volume	= {17}
	, pages		= {17--6} }
