@inproceedings
	{ talpin:discipline
	, author 	= {Jean-Pierre Talpin and Pierre Jouvelot}
	, title 	= {The Type and Effect Discipline}
	, booktitle	= {Proc. of the Symposium on Logic in Computer Science}
	, publisher	= {IEEE Computer Society Press}
	, pages		= {162--173}
	, year		= {1992}
	, url		= {citeseer.ist.psu.edu/talpin92type.html} }

@article
	{ talpin:polymorphic
	, author 	= {Jean-Pierre Talpin and Pierre Jouvelot}
	, title		= {Polymorphic type, region and effect inference}
	, journal	= {Journal of Functional Programming}
	, year		= {1992}
	, volume	= {2}
	, pages		= {245--271} }

@inproceedings
	{ terauchi:witnessing-side-effects
	, title		= {Witnessing Side Effects}
	, author	= {Tachio Terauchi and Alex Aiken}
	, booktitle	= {ICFP 2005: Proc. of the International Conference on Functional Programming }
	, year		= {2005} }

@inproceedings
	{ tolmach:optimizing-ml
	, author 	= {Andrew Tolmach}
	, title 	= {Optimizing {ML} using a hierarchy of monadic types}
	, booktitle	= {In Workshop on Types in Compilation}
	, year		= {1998}
	, pages		= {97--113}
	, publisher	= {Springer Verlag} }

@techreport
	{ tofte:mlkit-4.3.0
	, author	= {Mads Tofte 	and Lars Birkedal and Martin Elsman 
					and Niels Hallenberg and Tommy H{\o}jfeld Olesen and Peter Sestoft}
	, title		= {Programming with Regions in the {MLKit} (Revised for Version 4.3.0)}
	, institution	= {IT University of Copenhagen, Denmark}
	, year		= {2006}
	, month		= {January} }

@article
	{ tofte:region-inference
	, author	= "Mads Tofte and Lars Birkedal"
	, title 	= "A Region Inference Algorithm"
	, journal 	= "ACM Transactions on Programming Languages and Systems"
	, volume 	= "20"
	, number 	= "4"
    	, month 	= "July"
	, publisher	= "ACM Press"
	, pages 	= "724--767"
	, year 		= "1998"
	, url 		= "citeseer.ist.psu.edu/tofte98region.html" }

@article
	{ tofte:polymorphic-references
	, author	= {Mads Tofte}
	, title		= {Type inference for polymorphic references}
	, journal 	= {Information and Computation}
	, volume 	= {89}
	, number 	= {1}
	, year 		= {1990}
	, issn 		= {0890-5401}
	, pages 	= {1--34}
	, doi 		= {http://dx.doi.org/10.1016/0890-5401(90)90018-D}
	, publisher 	= {Academic Press, Inc.} }


@article
	{ trinder:algorithm
	, author 	= {Phil Trinder and Kevin Hammond and Hans-Wolfgang Loidl and Peyton Jones, Simon}
	, title 	= {{A}lgorithm + {S}trategy = {P}arallelism}
	, journal	= {Journal of Functional Programming}
	, year		= {1998}
	, volume	= {8}
	, pages		= {23--60} }
