@inproceedings
	{ vries:uniqueness-typing-simplified
	, title		= {Uniqueness Typing Simplified}
	, author	= {Edsko de Vries and Rinus Plasmeijer and David M. Abrahamson}
	, booktitle	= {IFL 2007: Proc. of the Workshop on Implementation and Application of Functional Programming Languages }
	, year		= 2007 }
