@article
	{ wadler:cufp
	, title		= {Functional Programming in the Real World}
	, author	= {Philip Wadler}
	, journal	= {SIGPLAN Notices}
	, volume	= 33
	, number	= 2
	, pages		= {25--30}	
	, year		= 2004
	, month		= dec }

@inproceedings
	{ wadler:less-ad-hoc
	, author 	= {Philip Wadler and Stephen Blott}
	, title 	= {How to make ad-hoc polymorphism less ad hoc}
	, booktitle	= {{POPL} 1989: Proc. of the Symposium on Principles of	Programming Languages}
	, year		= {1989}
	, pages		= {60--76}
	, publisher 	= {ACM Press} }

@article
	{ wadler:fixing-space-leaks
	, author	= "Philip Wadler"
	, title		= "Fixing Some Space Leaks with a Garbage Collector"
	, journal	= "Software Practice and Experience"
	, volume	= "17"
	, number	= "9"
	, publisher	= "Wiley"
	, pages		= "595--609"
	, year		= "1987"
	, url		= "citeseer.ist.psu.edu/wadler87fixing.html" }


@inproceedings
	{ wadler:linear-types
    	, author 	= {Philip Wadler}
    	, title 	= {Linear types can change the world}
	, booktitle 	= {Working Conference on Programming Concepts and Methods}
    	, year 		= {1990}
    	, pages 	= {347--359} }

@inproceedings
	{ wand:finding-type-errors
	, author 	= {Mitchell Wand}
	, title 	= {Finding the source of type errors}
	, booktitle 	= {POPL 1986: Proc. of the Symposium on	Principles of Programming Languages}
	, year		= {1986}
	, pages		= {38--43}
	, location	= {St. Petersburg Beach, Florida}
	, doi		= {http://doi.acm.org/10.1145/512644.512648}
	, publisher	= {ACM} }

@inproceedings
	{ wansbrough:once-upon-a-polymorphic-type
	, author 	= {Wansbrough, Keith and Peyton Jones, Simon}
	, title 	= {Once upon a polymorphic type}
	, booktitle 	= {POPL 1999: Proc. of the Symposium on Principles of Programming Languages}
	, year 		= {1999}
	, isbn 		= {1-58113-095-3}
	, pages 	= {15--28}
	, location 	= {San Antonio, Texas, United States}
	, doi 		= {http://doi.acm.org/10.1145/292540.292545}
	, publisher	= {ACM} }
 
@inproceedings
	{ wadler:projections-strictness
	, author 	= {Philip Wadler and R. J. M. Hughes}
	, title		= {Projections for strictness analysis}
	, booktitle	= {Proc. of the Conference on Functional Programming Languages and Computer Architecture }
	, year		= {1987}
	, pages		= {385--407}
	, publisher	= {Springer-Verlag} }

@inproceedings
	{ wadler:comprehending-monads
	, author 	= {Philip Wadler}
	, title 	= {Comprehending Monads}
	, booktitle 	= {Mathematical Structures in Computer Science}
	, year 		= {1990}
	, pages 	= {61--78} }

@inproceedings
	{ wadler:marriage
	, author 	= {Philip Wadler}
	, title 	= {The marriage of effects and monads}
	, booktitle 	= {ICFP 1998: Proc. of the International Conference on Functional Programming}
	, year		= {1998}
	, isbn		= {1-58113-024-4}
	, pages		= {63--74}
	, location	= {Baltimore, Maryland, United States}
	, doi 		= {http://doi.acm.org/10.1145/289423.289429}
	, publisher	= {ACM} }
 
@article
	{ wadler:marriage-2003
	, author 	= {Philip Wadler and Peter Thiemann}
	, title 	= {The marriage of effects and monads}
	, journal 	= {ACM Trans. Computation and Logic}
	, volume 	= {4}
	, number 	= {1}
	, year 		= {2003}
	, issn 		= {1529-3785}
	, pages 	= {1--32}
	, doi 		= {http://doi.acm.org/10.1145/601775.601776}
	, publisher	= {ACM} }

@article
	{ wright:syntactic-soundness
	, author 	= "Andrew K. Wright and Matthias Felleisen"
	, title 	= "A Syntactic Approach to Type Soundness"
	, journal 	= "Information and Computation"
	, volume 	= "115"
	, number 	= "1"
	, pages 	= "38-94"
	, year	 	= "1994"
	, url 		= "citeseer.ist.psu.edu/wright92syntactic.html" }

@techreport 
	{ wright:polymorphism-imperative
	, author 	= "Andrew Wright"
	, title 	= "Polymorphism for Imperative Languages without Imperative Types"
	, number 	= "TR93-200"
	, year 		= "1996"
	, institution	= "Rice University"
	, url 		= "citeseer.ist.psu.edu/wright93polymorphism.html" }

@incollection
	{ wright:references-effect
	, author 	= "Andrew K. Wright"
	, title 	= "Typing References by Effect Inference"
	, booktitle 	= "{ESOP} 1992: Proc. of the European Symposium on Programming"
	, volume 	= "582"
	, publisher	= "Springer-Verlag"
	, pages		= "473--491"
	, year		= "1992"
	, url		= "citeseer.ist.psu.edu/wright92typing.html" }
