
@article
	{ xi:grdc
	, author 	= {Xi, Hongwei and Chen, Chiyan and Chen, Gang}
	, title 	= {Guarded recursive datatype constructors}
	, journal 	= {SIGPLAN Notices}
	, volume 	= {38}
	, number 	= {1}
	, year 		= {2003}
	, issn 		= {0362-1340}
	, pages 	= {224--235}
	, doi 		= {http://doi.acm.org/10.1145/640128.604150}
	, publisher 	= {ACM} }
