
@techreport
	{ yang:ilc-revisited
	, author	= {Hongseok Yang and Uday Reddy}
	, title		= {Imperative Lambda Calculus Revisited}
	, year		= 1997
	, institution	= {University of Illinois at Urbana-Champaign}
	, month		= aug}