

@inproceedings{Kiselyov:Iteratee,
  author    = {Oleg Kiselyov},
  title     = {Iteratees},
  booktitle = {FLOPS: Functional and Logic Programming},
  year      = {2012}
}


@inproceedings{Kulkarn:Heron,
  author    = {Sanjeev Kulkarni and
               Nikunj Bhagat and
               Maosong Fu and
               Vikas Kedigehalli and
               Christopher Kellogg and
               Sailesh Mittal and
               Jignesh M. Patel and
               Karthik Ramasamy and
               Siddarth Taneja},
  title     = {Twitter Heron: Stream Processing at Scale},
  booktitle = {SIGMOD: International Conference on Management of Data},
  year      = {2015},
}


@inproceedings{Lippmeier:Guiding,
  author    = {Ben Lippmeier and
               Manuel M. T. Chakravarty and
               Gabriele Keller and
               Simon L. Peyton Jones},
  title     = {Guiding parallel array fusion with indexed types},
  booktitle = {Haskell Symposium},
  year      = {2012}
}


@inproceedings{Lippmeier:DataFlow,
  author    = {Ben Lippmeier and
               Manuel M. T. Chakravarty and
               Gabriele Keller and
               Amos Robinson},
  title     = {Data flow fusion with series expressions in Haskell},
  booktitle = {Haskell Symposium},
  year      = {2013}
}


@inproceedings{Shvachko:Hadoop,
  author    = {Konstantin Shvachko and
               Hairong Kuang and
               Sanjay Radia and
               Robert Chansler},
  title     = {{The Hadoop Distributed File System}},
  booktitle = {MSST: Mass Storage Systems and Technologies},
  year      = {2010},
}


@inproceedings{Mandel:Lucy,
  author    = {Louis Mandel and
               Florence Plateau and
               Marc Pouzet},
  title     = {Lucy-n: a n-Synchronous Extension of Lustre},
  booktitle = {Mathematics of Program Construction},
  year      = {2010},
}

@inproceedings{Neumeyer:S4,
  author    = {Leonardo Neumeyer and
               Bruce Robbins and
               Anish Nair and
               Anand Kesari},
  title     = {{S4:} Distributed Stream Computing Platform},
  booktitle = {ICDMW: International Conference on Data Mining},
  year      = {2010}
}

@misc{hackage:enumerator,
  author = {John Millikin and Mikhail Vorozhtsov},
  title  = {The enumerator Haskell package},
  note   = {\texttt{http://hackage.haskell.org/package/enumerator}}
}

@misc{hackage:conduit,
  author = {Michael Snoyman},
  title  = {The conduit Haskell package},
  note   = {\texttt{http://hackage.haskell.org/package/conduit}}
}

@misc{hackage:pipes,
  author = {Gabriel Gonzalez},
  title  = {The pipes Haskell package},
  note   = {\texttt{http://hackage.haskell.org/package/pipes}}
}