% B ------------------

@inproceedings{buck1993scheduling,
  title={Scheduling dynamic dataflow graphs with bounded memory using the token flow model},
  author={Buck, Joseph Tobin and Lee, Edward A},
  booktitle={Acoustics, Speech, and Signal Processing, 1993. ICASSP-93., 1993 IEEE International Conference on},
  volume={1},
  pages={429--432},
  year={1993},
  organization={IEEE}
}

% C ------------------

@article{caspi1998co,
  title={A co-iterative characterization of synchronous stream functions},
  author={Caspi, Paul and Pouzet, Marc},
  journal={Electronic Notes in Theoretical Computer Science},
  volume={11},
  pages={1--21},
  year={1998},
  publisher={Elsevier}
}

@inproceedings{coutts2007stream,
  title={Stream fusion: From lists to streams to nothing at all},
  author={Coutts, Duncan and Leshchinskiy, Roman and Stewart, Don},
  booktitle={ACM SIGPLAN Notices},
  volume={42},
  number={9},
  pages={315--326},
  year={2007},
  organization={ACM}
}

% G ------------------

@incollection{geilen2003requirements,
  title={Requirements on the execution of Kahn process networks},
  author={Geilen, Marc and Basten, Twan},
  booktitle={Programming languages and systems},
  pages={319--334},
  year={2003},
  publisher={Springer}
}

@article{gibbons2015conjugate,
  title={Conjugate Hylomorphisms â€šor: The Mother of All Structured Recursion Schemes},
  author={Gibbons, Jeremy and Hinze, Ralf and Wu, Nicolas and others},
  year={2015}
}

@phdthesis{gordon2010compiler,
  title={Compiler techniques for scalable performance of stream programs on multicore architectures},
  author={Gordon, Michael I and Adviser-Amarasinghe, Saman},
  year={2010},
  school={Massachusetts Institute of Technology}
}

% H ------------------

@article{ha1997compile,
  title={Compile-time scheduling of dynamic constructs in dataflow program graphs},
  author={Ha, Soonhoi and Lee, Edward A},
  journal={Computers, IEEE Transactions on},
  volume={46},
  number={7},
  pages={768--778},
  year={1997},
  publisher={IEEE}
}

@article{halbwachs1991synchronous,
  title={The synchronous data flow programming language LUSTRE},
  author={Halbwachs, Nicholas and Caspi, Paul and Raymond, Pascal and Pilaud, Daniel},
  journal={Proceedings of the IEEE},
  volume={79},
  number={9},
  pages={1305--1320},
  year={1991},
  publisher={IEEE}
}

@incollection{hinze2012generic,
  title={Generic programming with adjunctions},
  author={Hinze, Ralf},
  booktitle={Generic and Indexed Programming},
  pages={47--129},
  year={2012},
  publisher={Springer}
}

% J ------------------

@article{johnston2004advances,
  title={Advances in dataflow programming languages},
  author={Johnston, Wesley M and Hanna, JR and Millar, Richard J},
  journal={ACM Computing Surveys (CSUR)},
  volume={36},
  number={1},
  pages={1--34},
  year={2004},
  publisher={ACM}
}

@inproceedings{jones2001playing,
  title={Playing by the rules: rewriting as a practical optimisation technique in GHC},
  author={Jones, Simon Peyton and Tolmach, Andrew and Hoare, Tony},
  booktitle={Haskell workshop},
  volume={1},
  pages={203--233},
  year={2001}
}

% K ------------------

@article{kahn1976coroutines,
  title={Coroutines and networks of parallel processes},
  author={Kahn, Gilles and MacQueen, David and others},
  year={1976}
}

% L ------------------

@inproceedings{lippmeier2013data,
  title={Data flow fusion with series expressions in Haskell},
  author={Lippmeier, Ben and Chakravarty, Manuel MT and Keller, Gabriele and Robinson, Amos},
  booktitle={ACM SIGPLAN Notices},
  volume={48},
  number={12},
  pages={93--104},
  year={2013},
  organization={ACM}
}

% M ------------------

@inproceedings{mandel2010lucy,
  title={Lucy-n: a n-synchronous extension of Lustre},
  author={Mandel, Louis and Plateau, Florence and Pouzet, Marc},
  booktitle={Mathematics of Program Construction},
  pages={288--309},
  year={2010},
  organization={Springer}
}

% P ------------------

@phdthesis{parks1995bounded,
  title={Bounded scheduling of process networks},
  author={Parks, Thomas M},
  year={1995},
  school={University of California. Berkeley, California}
}

% R ------------------

@phdthesis{reekie1995realtime,
  title={Realtime Signal Processing},
  author={Reekie, Hideki John},
  year={1995},
  school={Citeseer}
}

% S ------------------

@article{stephens1997survey,
  title={A survey of stream processing},
  author={Stephens, Robert},
  journal={Acta Informatica},
  volume={34},
  number={7},
  pages={491--541},
  year={1997},
  publisher={Springer}
}

% T ------------------

@inproceedings{thies2002streamit,
  title={StreamIt: A language for streaming applications},
  author={Thies, William and Karczmarek, Michal and Amarasinghe, Saman},
  booktitle={Compiler Construction},
  pages={179--196},
  year={2002},
  organization={Springer}
}

@phdthesis{thies2009language,
  title={Language and compiler support for stream programs},
  author={Thies, William},
  year={2009},
  school={Massachusetts Institute of Technology}
}

@inproceedings{turjan2002compile,
  title={A compile time based approach for solving out-of-order communication in Kahn Process Networks},
  author={Turjan, Alexandru and Kienhuis, Bart and Deprettere, Ed},
  booktitle={Application-Specific Systems, Architectures and Processors, 2002. Proceedings. The IEEE International Conference on},
  pages={17--28},
  year={2002},
  organization={IEEE}
}

% V ------------------

@inproceedings{vrba2009kahn,
  title={Kahn process networks are a flexible alternative to MapReduce},
  author={Vrba, Zeljko and Halvorsen, P{\aa}l and Griwodz, Carsten and Beskow, Paul},
  booktitle={High Performance Computing and Communications, 2009. HPCC'09. 11th IEEE International Conference on},
  pages={154--162},
  year={2009},
  organization={IEEE}
}
