
% -- a ------------------------------------------------------------------------
@book{Acar:2003:SelectiveMemoization,
  title         = {Selective memoization},
  author        = {Acar, Umut A and Blelloch, Guy E and Harper, Robert},
  booktitle     = {POPL: Principles of Programming Languages},
  year          = {2003},
  publisher     = {ACM}
}


@book{Appel:1993:HashConsingGarbageCollection,
  title={Hash-consing garbage collection},
  author={Appel, Andrew W and Con{\c{c}}alves, Marcelo JR},
  year={1993},
  publisher={Princeton University, Department of Computer Science}
}

% -- g -------------------------------------------------------------------------
@article{Grundy:2006:reFLect,
  title         = {A reflective functional language for hardware design and theorem proving},
  author        = {Grundy, Jim and Melham, Tom and O'leary, John},
  journal       = {Journal of Functional Programming},
  year          = {2006}
}


% -- s -------------------------------------------------------------------------
@inproceedings{Sheard:2001:MetaProgramming,
 author         = {Sheard, Tim},
 title          = {Accomplishments and Research Challenges in Meta-programming},
 booktitle      = {SAIG: International Conference on Semantics, Applications, and Implementation of Program Generation},
 year           = {2001},
}


% -- t ------------------------------------------------------------------------
@inproceedings{Trinder:1996:GUM,
  title={GUM: a portable parallel implementation of Haskell},
  author={Trinder, Philip W and Hammond, Kevin and Mattson Jr, James S and Partridge, Andrew S and Peyton Jones, Simon L},
  booktitle={ACM SIGPLAN Notices},
  volume={31},
  number={5},
  year={1996},
}
