
% -- c ------------------------------------------------------------------------
@inproceedings
        { Carr:unroll-and-jam
        , author        = {Carr, Steve and Ding, Chen and Sweany, Philip}
        , title         = {Improving Software Pipelining With Unroll-and-Jam}
        , booktitle     = {Hawaii International Conference on System Sciences}
        , year          = {1996}
        , publisher     = {IEEE Computer Society} }


@inproceedings{Chakravarty:AssocTypeSynonyms,
  author    = {Manuel M. T. Chakravarty and
               Gabriele Keller and
               Simon L. {Peyton Jones}},
  title     = {Associated type synonyms},
  booktitle = {ICFP: International Conference on Functional Programming},
  publisher = {ACM},
  year      = {2005}
}

@inproceedings{Chakravarty:AssocTypes,
  author    = {Manuel M. T. Chakravarty and
               Gabriele Keller and
               Simon L. {Peyton Jones} and
               Simon Marlow},
  title     = {Associated types with class},
  booktitle = {POPL: Principles of Programming Languages},
  publisher = {ACM},
  year      = {2005}
}

@misc{Coq,
  key       = "Coq",
  title     = {{The Coq Proof Assistant Reference Manual Version 8.3}},
  url       = {http://coq.inria.fr},
  year      = 2012}


% -- j ----------------------------------------------------------------------- 
@inproceedings{Jones:ThreadScope,
  author    = {Don Jones Jr. and
               Simon Marlow and
               Satnam Singh},
  title     = {Parallel performance tuning for {H}askell},
  booktitle = {Haskell Symposium},
  publisher = {ACM},
  year      = {2009}
}

 
% -- k ------------------------------------------------------------------------
@inproceedings{Keller:Repa,
  author    = {Gabriele Keller and
               Manuel M. T. Chakravarty and
               Roman Leshchinskiy and
               Simon L. {Peyton Jones} and
               Ben Lippmeier},
  title     = {Regular, {S}hape-polymorphic, {P}arallel {A}rrays in {H}askell},
  booktitle = {ICFP: International Conference on Functional Programming},
  publisher = {ACM},
  year      = {2010},
  ee        = {http://doi.acm.org/10.1145/1863543.1863582},
  bibsource = {DBLP, http://dblp.uni-trier.de}
}


% -- l ------------------------------------------------------------------------
@inproceedings{Lee:RayTracerLoadBalancing,
        author          = {Lee, Tong-Yee and Raghavendra, C. S. and Nicholas, John B.},
        title           = {Experimental Evaluation of Load Balancing Strategies for Ray Tracing on Parallel Processors},
        booktitle       = {ICPP: International Conference on Parallel Processing},
        publisher       = {IEEE},
        year            = {1994}
} 


@inproceedings{Li:ContextSwitch,
        author          = {Li, Chuanpeng and Ding, Chen and Shen, Kai},
        title           = {Quantifying the cost of context switch},
        booktitle       = {Workshop on Experimental Computer Science},
        year            = {2007},
        location        = {San Diego, California},
        publisher       = {ACM}
} 


@inproceedings{Lippmeier:Stencil,
  author    = {Ben Lippmeier and
               Gabriele Keller},
  title     = {Efficient {P}arallel {S}tencil {C}onvolution in {H}askell},
  booktitle = {Haskell Symposium},
  year      = {2011},
  publisher = {ACM},
  ee        = {http://doi.acm.org/10.1145/2034675.2034684},
  bibsource = {DBLP, http://dblp.uni-trier.de}
}


% -- m ------------------------------------------------------------------------
@inproceedings{Marlow:PointerTagging,
  author    = {Simon Marlow and
               Alexey Rodriguez Yakushev and
               Simon L. {Peyton Jones}},
  title     = {Faster laziness using dynamic pointer tagging},
  booktitle = {ICFP: International Conference on Functional Programming},
  publisher = {ACM},
  year      = {2007}
}


% -- n ------------------------------------------------------------------------
@inproceedings{Norell:Agda,
  author    = {Ulf Norell},
  title     = {Dependently typed programming in {A}gda},
  booktitle = {TLDI: Types in Language Design and Implementation},
  publisher = {ACM},
  year      = {2009}
}


% -- p ------------------------------------------------------------------------
@inproceedings{PeytonJones:RewriteRules,
  author    = {Simon L. {Peyton Jones} and Andrew Tolmach and Tony Hoare},
  title     = {Playing by the Rules: Rewriting as a practical optimsiation technique in {GHC}},
  booktitle = {Haskell Workshop},
  publisher = {ACM},
  year      = {2001}
}


@inproceedings{PeytonJones:LetFloating,
  author    = {Simon L. {Peyton Jones} and
               Will Partain and
               Andr{\'e} Santos},
  title     = {Let-floating: Moving Bindings to Give Faster Programs},
  booktitle = {ICFP: International Conference on Functional Programming},
  publisher = {ACM},
  year      = {1996}
}


@inproceedings{PeytonJones:Harnessing,
  author    = {Simon L. Peyton Jones and
               Roman Leshchinskiy and
               Gabriele Keller and
               Manuel M. T. Chakravarty},
  title     = {Harnessing the Multicores: Nested Data Parallelism in Haskell},
  booktitle = {FSTTCS: Foundations of Software Technology and Theoretical Computer Science},
  year      = {2008}
}


% -- r ------------------------------------------------------------------------
@inproceedings
        { Rosen:global-value-nubering
        , author        = {Rosen, Barry K. and Wegman, Mark N. and F. Kenneth Zadeck }
        , title         = {Global Value Numbers and Redundant Computations}
        , booktitle     = {POPL: Principles of Programming Languages}
        , location      = {San Diego, California}
        , year          = {1988}
        , publisher     = {ACM} }
 
@incollection{reynders-eal:pooma,
  author = {J. Reynders and J. C. Cummings and P. J. Hinker and M. Tholburn and S. Banerjee and M. Srikant and S. Karmesin and S. Atlas and S. Keahey and W. F. Humphrey},
  title = {POOMA: A framework for scientific simulation on parallel architectures},
  editors = {Wilson, G. and Lu, P.},
  booktitle = {Parallel Programming using C++},
  publisher = {MIT Press},
  year = 1996
}

 
% -- s ------------------------------------------------------------------------
@inproceedings{Salmon:RayTracer,
        author          = {Salmon, J. and Goldsmith, J.},
        title           = {A hypercube Ray-tracer},
        booktitle       = {Hypercube Concurrent Computers and Applications},
        series          = {C3P},
        year            = {1988},
        location        = {Pasadena, California, United States},
        publisher       = {ACM}
} 

@inproceedings{Stam:StableFluids,
  author    = {Jos Stam},
  title     = {Stable Fluids},
  booktitle = {SIGGRAPH},
  year      = {1999}
}


@inproceedings{Snyder:TypeIndexedMonads,
  author    = {Mark Snyder and
               Perry Alexander},
  title     = {Monad Factory: Type-Indexed Monads},
  booktitle = {Trends in Functional Programming},
  publisher = {Springer},
  year      = {2010}
}


@article{Sorokina:Spline,
  author = {Sorokina, Tatyana and Zeilfelder, Frank}, 
  title  = {Local quasi-interpolation by cubic {$C^1$} splines on type-6 tetrahedral partitions}, 
  volume = {27}, 
  number = {1}, 
  year   = {2007}, 
  journal = {IMA Journal of Numerical Analysis} 
}


