
% -- a ------------------------------------------------------------------------
@inproceedings{Aydemir:poplmark,
 author          = {Aydemir, Brian E. 
                         and Bohannon, Aaron and Fairbairn, Matthew 
                         and Foster, J. Nathan and Pierce, Benjamin C. 
                         and Sewell, Peter and Vytiniotis, Dimitrios 
                         and Washburn, Geoffrey and Weirich, Stephanie 
                         and Zdancewic, Steve},
 title           = {Mechanized metatheory for the masses: the {POPLMark} challenge},
 booktitle       = {{TPHOLS: Theorem Proving in Higher Order Logics}},
 year            = {2005},
 publisher       = {Springer-Verlag},
} 


% -- b ------------------------------------------------------------------------
@inproceedings{Banerjee:region,
 title           = {Region analysis and the polymorphic lambda calculus},
 author          = {Banerjee, Anindya and Heintze, Nevin and Riecke, Jon G},
 booktitle       = {Logic in Computer Science},
 year            = {1999},
 organization    = {IEEE}
}


@inproceedings{Boudol:safe-deallocation,
 author          = {G{\'e}rard Boudol},
 title           = {Typing Safe Deallocation},
 booktitle       = {{ESOP: European Symposium on Programming}},
 year            = {2008}
}


% -- c ------------------------------------------------------------------------
@article{Calcagno:soundness-results,
 author          = {Cristiano Calcagno and
                    Simon Helsen and
                    Peter Thiemann},
 title           = {Syntactic Type Soundness Results for the Region Calculus},
 journal         = {Information and Computation},
 volume          = {173},
 number          = {2},
 year            = {2002}
}


@inproceedings{Calcagno:stratified,
 author          = {Cristiano Calcagno},
 title           = {Stratified Operational Semantics for Safety 
                         and Correctness of The Region Calculus},
 booktitle       = {{POPL: Principles of Programming Languages}},
 year            = {2001},
 publisher       = {ACM Press}
}


@inproceedings{Chlipala:certified-untyped,
  author        = {Chlipala, Adam},
  title         = {A certified type-preserving compiler from lambda calculus to assembly language},
  booktitle     = {{PLDI: Programming language design and implementation}},
  year          = {2007},
  publisher     = {ACM},
} 


@inproceedings{Chlipala:verified-impure,
  author        = {Chlipala, Adam},
  title         = {A verified compiler for an impure functional language},
  booktitle     = {{POPL: Principles of Programming Languages}},
  year          = {2010},
  publisher     = {ACM}
} 

@Manual{Coq:manual,
 title           = {The Coq proof assistant reference manual},
 author          = {\mbox{The Coq development team}},
 organization    = {LogiCal Project},
 note            = {Version 8.4},
 year            = {2012},
 url             = "http://coq.inria.fr"
}


% -- d ------------------------------------------------------------------------
@inproceedings{dios:certified,
 author          = {Javier de Dios and
                    Manuel Montenegro and
                    Ricardo Pe{\~n}a},
 title           = {Certified Absence of Dangling Pointers in a Language with
                    Explicit Deallocation},
 booktitle       = {{IFM: Integrated Formal Methods}},
 year            = {2010}
}


% -- f --------------------------------------------------------------------------
@article{Fahndrich:adoption-focus,
 author          = {Fahndrich, Manuel and DeLine, Robert},
 title           = {Adoption and focus: practical linear types for imperative programming},
 journal         = {{SIGPLAN Notices}},
 issue_date      = {May 2002},
 year            = {2002},
 publisher       = {ACM},
} 


@article{Fluet:monadic-regions-jfp,
 author          = {Matthew Fluet and Greg Morrisett},
 title           = {Monadic regions},
 journal         = {Journal of Functional Programming},
 volume          = {16},
 number          = {4-5},
 year            = {2006}
}


@inproceedings{Fluet:monadic-regions-icfp,
 author          = {Matthew Fluet and Greg Morrisett},
 title           = {Monadic regions},
 booktitle       = {{ICFP: International Conference on Functional Programming}},
 year            = {2004}
}


@techreport{Fluet:monadic-regions-techreport,
 author          = {Matthew Fluet},
 title           = {Monadic Regions: Formal type soudness and correctness},
 institution     = {Cornell University},
 year            = {2004}
}


@inproceedings{Fluet:linear-regions,
 author          = {Matthew Fluet and Greg Morrisett and Amal J. Ahmed},
 title           = {Linear Regions Are All You Need},
 booktitle       = {{ESOP: European Symposium on Programming}},
 year            = {2006}
}


% -- g ------------------------------------------------------------------------
@inproceedings{Garrigue:relaxing,
 author          = {Jacques Garrigue},
 title           = {Relaxing the Value Restriction},
 booktitle       = {{APLAS: Asian Workshop on Programming Languages and Systems}},
 year            = {2002}
}


% -- h ------------------------------------------------------------------------
@inproceedings{Hallenberg:combining,
 author         = {Niels Hallenberg and Martin Elsman and Mads Tofte},
 title          = {Combining Region Inference and Garbage Collection},
 booktitle      = {{PLDI: Programming Language Design and Implementation}},
 year           = {2002},
}


@article{Hawblitzel:garbage,
 author         = {Chris Hawblitzel and Erez Petrank},
 title          = {Automated Verification of Practical Garbage Collectors},
 journal        = {Logical Methods in Computer Science},
 volume         = {6},
 number         = {3},
 year           = {2010}
}


@article{Helsen:soundness-region-calclus,
 author         = {Simon Helsen and Peter Thiemann},
 title          = {Syntactic Type Soundness for the Region Calculus},
 journal        = {Electronic Notes on Theoretical Computer Science},
 volume         = {41},
 number         = {3},
 year           = {2000}
}


@inproceedings{henglein:direct-flow-sensitive-regions,
 author         = {Fritz Henglein and Henning Makholm and Henning Niss},
 title          = {A Direct Approach to Control-Flow Sensitive Region-Based Memory Management},
 booktitle      = {{PPDP: Principles and Practice of Declarative Programming}},
 year           = {2001}
}


@inbook{Henglein:effect-types,
 author         = {Fritz Henglein and Henning Makholm and Henning Niss},
 chapter        = {Effect Types and Region-Based Memory Management},
 crossref       = {Pierce:atapl}
}


% -- k ------------------------------------------------------------------------
@inproceedings{Kiselyov:monadic-regions,
  author        = {Oleg Kiselyov and Chung-chieh Shan},
  title         = {Lightweight monadic regions},
  booktitle     = {Haskell Symposium},
  year          = {2008}
}

% -- l ------------------------------------------------------------------------
@inproceedings{Launchbudy:state-threads,
 author         = {John Launchbury and Simon L. {Peyton Jones}},
 title          = {Lazy Functional State Threads},
 booktitle      = {{PLDI: Programing Language Design and Implementation}},
 year           = {1994}
}


@techreport{Lucassen:types-and-effects,
 author         = {John M. Lucassen},
 title          = {Types and Effects: Towards the Integration of Functional and Imperative Programming},
 institution    = {Laboratory for Computer Science, Massachusetts Institute of Technology},
 year           = {1987},
}


@inproceedings{Lucassen:polymorphic-effects,
 author         = {John M. Lucassen and
                   David K. Gifford},
 title          = {Polymorphic Effect Systems},
 booktitle      = {{POPL: Principles of Programming Languages}},
 year           = {1988},
}


@inproceedings{Leroy:polymorphism-by-name,
 author         = {Xavier Leroy},
 title          = {Polymorphism by Name for References and Continuations},
 booktitle      = {{POPL: Principles of Programming Languages}},
 year           = {1993}
}


@article{Leroy:compcert,
 author         = {Xavier Leroy},
 title          = {Formal verification of a realistic compiler},
 journal        = {Communications of the ACM},
 volume         = {52},
 number         = {7},
 year           = {2009},
 pages          = {107-115}
}

@inproceedings{Launchbury:state-threads,
 author         = {John Launchbury and
                   Simon L. Peyton Jones},
 title          = {Lazy Functional State Threads},
 booktitle      = {{PLDI: Programming Language Design and Implementation}},
 year           = {1994}
}


% -- m ------------------------------------------------------------------------
@inproceedings{DeDios:certified-absence,
 author         = {De Dios, Javier and Montenegro, Manuel and Pe\~{n}a, Ricardo},
 title          = {Certified absence of dangling pointers in a language with explicit deallocation},
 booktitle      = {Proceedings of the 8th international conference on Integrated formal methods},
 series         = {{IFM: Integrated Formal Methods}},
 year           = {2010},
} 


% -- n ------------------------------------------------------------------------
@book{Nipkow:Isabelle,
 author         = {Nipkow, Tobias and Wenzel, Markus and Paulson, Lawrence C.},
 title          = {Isabelle/{HOL}: a proof assistant for higher-order logic},
 year           = {2002},
} 



% -- p ------------------------------------------------------------------------
@inproceedings{Papakyriakou:poly-ref,
 author         = {Michalis A. Papakyriakou and Prodromos E. Gerakios and Nikolaos S. Papaspyrou},
 title          = {A Mechanized Proof of Type Safety for the Polymorphic Î»-Calculus with References},
 year           = {2007},
 booktitle      = {Panhellenic Logic Symposium}
}


@inproceedings{Montenegro:safe,
 author         = {Manuel Montenegro and Ricardo Pena and Clara Segura},
 title          = {A type system for safe memory management and its proof of correctness},
 booktitle      = {{PPDP: Principles and Practice of Declarative Programming}},
 year           = {2008}
}


@inproceedings{PeytonJones:transformation,
 author         = {Simon L. {Peyton Jones} and AndrÃ© L.M. Santos},
 title          = {A transformation-based optimiser for Haskell},
 booktitle      = {Science of Computer Programming},
 year           = {1998},
 publisher      = {Elsevier North-Holland, Inc.}
}


@book{Pierce:atapl,
 author         = {Pierce, Benjamin C.},
 title          = {Advanced Topics in Types and Programming Languages},
 year           = {2004},
 publisher      = {The MIT Press}
} 


@inproceedings{Pitts:new,
 author         = {Pitts, Andrew M. and Stark, Ian D. B.},
 title          = {Observable Properties of Higher Order Functions 
                        that Dynamically Create Local Names, or What's new?},
 booktitle      = {Mathematical Foundations of Computer Science},
 year           = {1993},
 publisher      = {Springer-Verlag},
} 


@article{Pottier:jfp-hidden-state,
 author         = {Fran\c{c}ois Pottier},
 title          = {Syntactic soundness proof of a type-and-capability system with hidden state},
 journal        = {Journal of Functional Programming},
 volume         = {23},
 number         = {1},
 year           = {2013}
}


@inproceedings{Pottier:anti-frame,
 author         = {Fran\c{c}ois Pottier},
 title          = {Hiding Local State in Direct Style: A Higher-Order Anti-Frame Rule},
 booktitle      = {{LICS: Logic in Computer Science}},
 year           = {2008}
}


% -- r ------------------------------------------------------------------------
@inproceedings{Reynolds:separation-logic,
 author         = {John C. Reynolds},
 title          = {Separation Logic: A Logic for Shared Mutable Data Structures},
 booktitle      = {{LICS: Logic in Computer Science}},
 year           = {2002}
}


% -- s ------------------------------------------------------------------------
@inproceedings{Smith:alias-types,
 author         = {Frederick Smith and David Walker and Greg Morrisett},
 title          = {Alias Types},
 booktitle      = {{ESOP: European Symposium on Programming}},
 year           = {2000},
}


% -- t ------------------------------------------------------------------------
@article{Talpin:discipline,
 author         = {Jean-Pierre Talpin and Pierre Jouvelot},
 title          = {The Type and Effect Discipline},
 journal        = {Information and Computation},
 volume         = {111},
 number         = {2},
 year           = {1994}
}


@article{Tofte:retrospective,
 author         = {Mads Tofte and Lars Birkedal and Martin Elsman and Niels Hallenberg},
 title          = {A Retrospective on Region-Based Memory Management},
 journal        = {Higher-Order and Symbolic Computation},
 volume         = {17},
 number         = {3},
 year           = {2004} 
 }


@techreport{Tofte:theory,
 author         = {Mads Tofte and Jean-Pierre Talpin},
 title          = {A Theory of Stack Allocation in Polymorphically Typed Languages},
 year           = {1993},
 institution    = {Department of Computer Science, Copenhagen University},
 number         = {93/15}
}


% -- w ------------------------------------------------------------------------
@article{Walker:static-capabilities,
 author         = {David Walker and Karl Crary and Greg Morrisett},
 title          = {Typed memory management via static capabilities},
 journal        = {{TOPLAS: Transactions on Programing Languages and Systems}},
 volume         = {22},
 number         = {4},
 year           = {2000}
}

@article{Wright:syntactic,
 author         = {Wright, Andrew K. and Felleisen, Matthias},
 title          = {A syntactic approach to type soundness},
 journal        = {Information and Computation},
 issue_date     = {Nov. 15, 1994},
 volume         = {115},
 number         = {1},
 month          = nov,
 year           = {1994}
} 

