

% -- a --------------------------------
@inproceedings
	{ adve:type-system-dpj
	, author 	= {Sarita V. Adve 
				and Stephen Heumann and Rakesh Komuravelli 
				and Jeffrey Overbey and Patrick Simmons and Hyojin Sung and Mohsen Vakilian}
	, title		= {A type and effect system for {D}eterministic {P}arallel {J}ava}
	, booktitle	= {{In Proc. Intl. Conf. on Object-Oriented Programming, Systems, Languages, and Applications}}
	, year		= {2009}
	}

@inproceedings
	{ Alpern:detecting-equality-of-variables
	, author	= {Bowen Alpern and Mark N. Wegman and F. Kenneth Zadeck}
	, title		= {Detecting Equality of Variables in Programs}
	, booktitle	= {Proc. of the 15th Symposium on Principles of Programming Languages}
	, location	= {San Diego, California}
	, pages		= {1--11}
	, year		= {1988} }

@article 
	{ aubury:binomial-filters
	, author 	= {Matthew Aubury}
	, title 	= {Binomial Filters}
	, journal	= {Journal of VLSI Signal Processing}
	, year		= {1996}
	, volume	= {12}
	, pages		= {35--50} }


% -- b --------------------------------
@book	{ bradski:opencv
	, author	= {Gary Bradski and Adrian Kaehler}
	, title		= {Learning OpenCV: Computer Vision with the OpenCV Library}
	, year		= 2008
	, publisher	= {O'Reilly Media} }

@techreport
	{ Barrett:finite-difference-chapel
	, author	= {Richard Barrett and Philip Roth and Stephen Poole}
	, title		= {Finite Difference Stencils Implemented Using {C}hapel}
	, institution	= {Oak Ridge National Laboratory}
	, year		= 2007 }

@inproceedings
	{ Bolingbroke:supercompilation
	, author 	= {Bolingbroke, Maximilian and Peyton Jones, Simon}
	, title 	= {Supercompilation by evaluation}
	, booktitle 	= {Proc. of the third ACM {H}askell Symposium}
	, year 		= {2010}
	, location 	= {Baltimore, Maryland, USA}
	, pages 	= {135--146}
 	, publisher	= {ACM} }

% -- c --------------------------------
@techreport
	{ Canny:finding-edges-and-lines
	, author	= {Canny, John}
	, title		= {Finding Edges and Lines in Images}
	, year		= {1983}
	, institution	= {Massachusetts Institute of Technology}
	, address	= {Cambridge, MA, USA} }

@inproceedings
	{ Carr:unroll-and-jam
	, author 	= {Carr, Steve and Ding, Chen and Sweany, Philip}
	, title		= {Improving Software Pipelining With Unroll-and-Jam}
	, booktitle	= {Proc. of the 29th Hawaii International Conference on System Sciences}
 	, year 		= {1996}
 	, publisher	= {IEEE Computer Society} }

@inproceedings
	{ Chakravarty:accelerate
	, author 	= {Chakravarty, Manuel M.T. and Keller, Gabriele and Lee, Sean and McDonell, Trevor L. and Grover, Vinod}
	, title		= {Accelerating {H}askell array codes with multicore {GPU}s}
	, booktitle	= {Proc. of the sixth workshop on Declarative Aspects of Multicore Programming}
	, year 		= {2011}
 	, location	= {Austin, Texas, USA}
	, pages		= {3--14}
	, publisher  	= {ACM} }

@inproceedings
	{ Coutts:stream-fusion
	, author 	= {Coutts, Duncan and Leshchinskiy, Roman and Stewart, Don}
	, title 	= {Stream fusion: from lists to streams to nothing at all}
	, booktitle 	= {Proc. of the 12th ACM SIGPLAN International Conference on Functional programming}
 	, year 		= {2007}
	, location	= {Freiburg, Germany}
	, pages		= {315--326}
 	, publisher	= {ACM} }


% -- d --------------------------------
@inproceedings
	{ Datta:stencil-computation-autotuning
	, author 	= {Datta, Kaushik and Murphy, Mark and Volkov, Vasily 
				and Williams, Samuel and Carter, Jonathan 
				and Oliker, Leonid and Patterson, David and Shalf, John and Yelick, Katherine}
	, title 	= {Stencil computation optimization and auto-tuning on state-of-the-art multicore architectures}
	, booktitle 	= {Proc, of the ACM/IEEE Conference on Supercomputing}
	, year 		= {2008}
	, location 	= {Austin, Texas}
	, pages 	= {4:1--4:12}
 	, publisher 	= {IEEE Press} }

@article{DBLP:journals/tjs/Numrich10,
  Author    = {Robert W. Numrich},
  title     = {The computational energy spectrum of a program as it executes},
  journal   = {The Journal of Supercomputing},
  volume    = {52},
  number    = {2},
  year      = {2010},
  pages     = {119-134},
  ee        = {http://dx.doi.org/10.1007/s11227-009-0273-x},
  bibsource = {DBLP, http://dblp.uni-trier.de}
}

% -- f --------------------------------
@article
	{ Feitelson:gang-scheduling
	, author	= {Dror G. Feitelson and Larry Rudolph}
	, title		= {Gang Scheduling Performance Benefits for Fine-Grain Synchronization}
	, journal	= {Journal of Parallel and Distributed Computing}
	, year		= {1992}
	, volume	= {16}
	, pages		= {306--318} }


% -- g --------------------------------
@book	{ O'Gorman:algorithms-for-image-analysis
	, author 	= {O'Gorman, Lawrence and Sammon, Michael J. and Seul, Michael}
	, title 	= {Practical Algorithms for Image Analysis}
	, edition 	= {2nd}
	, publisher	= { Cambridge University Press }
	, year		= 2008 }

% -- h --------------------------------
@techreport{Hilfinger:2001:TLR:894131,
 author = {Hilfinger, Paul N. and Bonachea, Dan and Gay, David and Graham, Susan and Liblit, Ben and Pike, Geoff and Yelick, Katherine},
 title = {Titanium Language Reference Manual},
 year = {2001},
 source = {http://www.ncstrl.org:8900/ncstrl/servlet/search?formname=detail\&id=oai%3Ancstrlh%3Aucb%3AUCB%2F%2FCSD-01-1163},
 publisher = {University of California at Berkeley},
 address = {Berkeley, CA, USA},
} 

% -- i --------------------------------
@article{Ierotheou:1996:CAP:226107.226109,
 author = {Ierotheou, C. S. and Johnson, S. P. and Cross, M. and Leggett, P. F.},
 title = {Computer aided parallelisation tools ({CAPT}ools) - conceptual overview and performance on the parallelisation of structured mesh codes},
 journal = {Parallel Comput.},
 volume = {22},
 issue = {2},
 month = {February},
 year = {1996},
 pages = {163--195},
 numpages = {33},
 publisher = {Elsevier Science Publishers B. V.},
 address = {Amsterdam, The Netherlands, The Netherlands},
 keywords = {automatic parallel code generation, interprocedural dependence analysis, parallel performance results, parallelisation tools, user interaction},
} 


% -- j --------------------------------
@inproceedings
	{ PeytonJones:playing-by-the-rules
	, author	= {Peyton Jones, Simon and Andrew Tolmach and Tony Hoare}
	, title 	= {Playing by the Rules: Rewriting as a practical optimisation technique in {GHC}}
	, booktitle	= {Proc. of the Haskell Workshop}
	, year 		= {2001} }


% -- k --------------------------------
@inproceedings
	{ Keller:repa
 	, author 	= {Keller, Gabriele and Chakravarty, Manuel M.T. 
				and Leshchinskiy, Roman 
				and Peyton Jones, Simon
				and Lippmeier, Ben}
	, title 	= {{Regular, Shape-polymorphic, Parallel Arrays in Haskell}}
	, booktitle	= {Proc. of the 15th ACM SIGPLAN International Conference on Functional Programming}
	, year		= {2010}
 	, location	= {Baltimore, Maryland, USA}
 	, pages		= {261--272}
 	, numpages	= {12}
 	, publisher 	= {ACM}
 	, keywords 	= {arrays, data parallelism, haskell} } 

@inproceedings
	{ Krishnamoorthy:auto-paralellization-of-stencils
	, author 	= {Krishnamoorthy, Sriram and Baskaran, Muthu 
				and Bondhugula, Uday and Ramanujam, J. 
				and Rountev, Atanas and Sadayappan, P}
	, title 	= {Effective automatic parallelization of stencil computations}
	, booktitle 	= {Proc. of the 2007 ACM SIGPLAN Conference on Programming Language Design and Implementation}
	, year 		= {2007}
 	, location 	= {San Diego, California, USA}
	, pages		= {235--244}
 	, publisher 	= {ACM} }


% -- l --------------------------------
@inproceedings
	{ Launchbury:state-threads
	, author 	= {Launchbury, John and Peyton Jones, Simon L.}
	, title 	= {Lazy functional state threads}
	, booktitle 	= {Proc. of the ACM SIGPLAN 1994 conference on Programming Language Design and Implementation}
	, year 		= {1994}
 	, location 	= {Orlando, Florida, United States}
	, pages 	= {24--35}
	, publisher 	= {ACM} }

@inproceedings
	{ Lesniak:pastha
	, author 	= {Lesniak, Michael}
	, title 	= {{PASTHA}: parallelizing stencil calculations in {H}askell}
	, booktitle 	= {Proc. of the 5th ACM SIGPLAN workshop on Declarative Aspects of Multicore Programming}
	, year		= {2010}
	, location	= {Madrid, Spain}
	, pages		= {5--14}
	, numpages	= {10}
	, publisher	= {ACM}
	, keywords	= {haskell, sequence scoring, stencil} }


% -- m --------------------------------
@inproceedings
	{ Mitchell:supercompilation
	, author 	= {Mitchell, Neil}
	, title 	= {Rethinking supercompilation}
	, booktitle 	= {Proceedings of the 15th ACM SIGPLAN International Conference on Functional Programming}
	, year 		= {2010}
	, location 	= {Baltimore, Maryland, USA}
	, pages 	= {309--320}
 	, publisher	= {ACM} }


% -- o --------------------------------
@inproceedings
	{ Orchard:ypnos
 	, author 	= {Orchard, Dominic A. and Bolingbroke, Max and Mycroft, Alan}
 	, title 	= {{Ypnos: Declarative, Parallel Structured Grid Programming}}
	, booktitle 	= {Proc. of the 5th ACM SIGPLAN workshop on Declarative Aspects of Multicore Programming}
 	, year 		= {2010}
 	, location 	= {Madrid, Spain}
 	, pages 	= {15--24}
 	, numpages 	= {10}
 	, publisher 	= {ACM}
 	, keywords 	= {comonads, edsl, parallelism, stencils, structured grids, ypnos} }


% -- r --------------------------------
@inproceedings
	{ Rosen:global-value-nubering
	, author	= {Rosen, Barry K. and Wegman, Mark N. and F. Kenneth Zadeck }
	, title		= {Global Value Numbers and Redundant Computations}
	, booktitle	= {Proc. of the 15th Symposium on Principles of Programming Languages}
	, location	= {San Diego, California}
	, year		= {1988}
	, publisher	= {ACM} }

@misc	{ RepaHomePage
	, key		= "Repa"
        , title         = {The {R}epa {H}ome {P}age}
        , publisher     = "haskell.org"
        , note          = "http://trac.haskell.org/repa"
        , month         = mar 
        , year          = 2011 }

% -- s --------------------------------
@article{scholz:SaC,
  author = {Sven-Bodo Scholz},
  title  = {Single Assignment {C} -- Efficient Support for High-level Array 
            Operations in a Functional Setting},
  journal = {Journal of Functional Programming},
  year    = 2003,
  volume  = 13,
  number  = 6,
  pages   = {1005--1059}
}

% -- t --------------------------------
@inproceedings
	{ Terei:llvm-backend-for-ghc
	, author 	= {Terei, David A. and Chakravarty, Manuel M.T.}
	, title 	= {An {LLVM} backend for {GHC}}
	, booktitle 	= {Proc. of the third ACM {S}ymposium on {H}askell}
	, year 		= {2010}
	, location 	= {Baltimore, Maryland, USA}
	, pages 	= {109--120}
 	, publisher 	= {ACM} }

% -- z --------------------------------
@article{zpl,
author = {Bradford L. Chamberlain and Sung-Eun Choi and E. Christopher Lewis and Calvin Lin and Lawrence Snyder and W. Derrick Weathersby},
title = {{ZPL}: A Machine Independent Programming Language for Parallel Computers},
journal ={IEEE Transactions on Software Engineering},
volume = {26},
year = {2000},
pages = {197-211},
publisher = {IEEE Computer Society},
}
