
% -- a ------------------------------------------------------------------------
@inproceedings{Atkey:Unembedding,
        author          = {Robert Atkey and
                                Sam Lindley and
                                Jeremy Yallop},
        title           = {Unembedding domain-specific languages},
        booktitle       = {Haskell Symposium},
        year            = {2009}
}


@misc{Anaconda-accelerate,
        author          = {{Continuum Analytics}},
        title           = {{Anaconda Accelerate}},
        url             = {https://store.continuum.io/cshop/accelerate},
        year            = 2013
}

@inproceedings{Axelsson:Syntactic,
        author          = {Axelsson, Emil},
        title           = {{A generic abstract syntax model for embedded languages}},
        booktitle       = {ICFP: International Conference on Functional Programming},
        year            = {2012},
        publisher       = {ACM},
}


% -- b ------------------------------------------------------------------------
@inproceedings{Bell:2009,
        author          = {Bell, Nathan and Garland, Michael},
        title           = {{Implementing sparse matrix-vector multiplication on throughput-oriented processors}},
        booktitle       = {Proc. of High Performance Computing Networking, Storage and Analysis},
        year            = {2009},
        publisher       = {ACM}
}


@inproceedings{bergstrom:ndp2gpu,
        author          = {Bergstrom, Lars and Reppy, John},
        title           = {Nested data-parallelism on the {GPU}},
        booktitle       = {ICFP: International Conference on Functional Programming},
        year            = {2012},
        publisher       = {ACM}
}

@techreport{Blelloch:nesl1995,
        author          = {Blelloch, Guy E.},
        title           = {{NESL}: A Nested Data-Parallel Language},
        institution     = {Carnegie Mellon University},
        number          = {CMU-CS-95-170},
        year            = {1995} }

@techreport{Blelloch:1990vl,
        author          = {Blelloch, Guy E.},
        title           = {Prefix Sums and their applications},
        year            = {1990},
        number          = {CMU-CS-90-190},
        month           = nov
}


% -- c ------------------------------------------------------------------------
@article{Canny:1986et,
        author          = {Canny, John F.},
        title           = {{A Computational Approach to Edge Detection}},
        journal         = {Pattern Analysis and Machine Intelligence},
        year            = {1986},
        number          = {6},
}

@inproceedings{Chakravarty:Accelerate,
        author          = {Chakravarty, Manuel M.T. and Keller, Gabriele and Lee, 
                                Sean and McDonell, Trevor L. and Grover, Vinod},
        title           = {Accelerating {H}askell array codes with multicore {GPUs}},
        booktitle       = {DAMP: Declarative Aspects of Multicore Programming},
        year            = {2011},
        publisher       = {ACM},
} 


@inproceedings{Chatterjee:1990vj,
        author          = {Chatterjee, Siddhartha and Blelloch, Guy E. and Zagha, Marco},
        title           = {{Scan primitives for vector computers}},
        booktitle       = {Proc. of Supercomputing},
        year            = {1990},
        publisher       = {IEEE Computer Society Press}
}

@inproceedings{Claessen:obsidian,
        author          = {Koen Claessen and Mary Sheeran and Joel Svensson},
        title           = {Obsidian: {GPU} programming in {H}askell},
        booktitle       = {IFL: Implementation and Application of Functional Languages},
        year            = {2008}
}


@inproceedings{Claessen:obsidian-expressive,
        author          = {Claessen, Koen and Sheeran, Mary and Svensson, Bo Joel},
        title           = {Expressive array constructs in an embedded {GPU} kernel programming language},
        booktitle       = {DAMP: Declarative Aspects and Applications of Multicore Programming},
        year            = {2012},
        publisher       = {ACM}
} 


@inproceedings{Coutts:stream-fusion,
        author          = {Coutts, Duncan and Leshchinskiy, Roman and Stewart, Don},
        title           = {Stream fusion\: from lists to streams to nothing at all},
        booktitle       = {ICFP: International Conference on Functional Programming},
        year            = {2007},
        publisher       = {ACM}
}
 
@misc{cuda,
        author          = {NVIDIA},
        title           = {{NVIDIA CUDA C} {P}rogramming {G}uide 3.1.1},
        year            = 2010
}


% -- e ------------------------------------------------------------------------
@inproceedings{Elliott:Vertigo,
        author          = {Conal Elliott},
        booktitle       = {Haskell Workshop},
        publisher       = {ACM Press},
        title           = {Programming Graphics Processors Functionally},
        year            = 2004
}


% -- g ------------------------------------------------------------------------
@inproceedings{Gill:2009dx,
        author          = {Gill, Andy},
        title           = {{Type-Safe Observable Sharing in Haskell}},
        booktitle       = {Haskell Symposium},
        year            = {2009},
}

@inproceedings{Gill:1993de,
        author          = {Gill, Andrew and Launchbury, John and Peyton Jones, Simon L.},
        title           = {{A short cut to deforestation}},
        booktitle       = {FPCA: Functional Programming Languages and Computer Architecture},
        year            = {1993},
        publisher       = {ACM}
}


% -- k ------------------------------------------------------------------------
@inproceedings{Keller:Repa,
        author          = {Gabriele Keller and
                           Manuel M. T. Chakravarty and
                           Roman Leshchinskiy and
                           Simon L. {Peyton Jones} and
                           Ben Lippmeier},
        title           = {Regular, {S}hape-polymorphic, {P}arallel {A}rrays in {H}askell},
        booktitle       = {ICFP: International Conference on Functional Programming},
        publisher       = {ACM},
        year            = {2010},
        ee              = {http://doi.acm.org/10.1145/1863543.1863582},
        bibsource       = {DBLP, http://dblp.uni-trier.de}
}

@inproceedings{Keller:distributed-types,
        author          = {Gabriele Keller and Manuel M. T. Chakravarty},
        title           = {On the Distributed Implementation of Aggregate Data Structures by Program Transformation},
        booktitle       = {Workshop on High-Level Parallel Programming Models and Supportive Environments},
        year            = {1999},
        publisher       = {Springer-Verlag}
}

% -- l ------------------------------------------------------------------------
@inproceedings{Larsen:baracuda,
        author          = {Larsen, Bradford},
        title           = {Simple optimizations for an applicative array language for graphics processors},
        booktitle       = {DAMP: Declarative Aspects of Multicore Programming},
        year            = {2011},
        location        = {Austin, Texas, USA},
        publisher = {ACM},
} 


@inproceedings{Lippmeier:Stencil,
        author          = {Ben Lippmeier and
                           Gabriele Keller},
        title           = {Efficient {P}arallel {S}tencil {C}onvolution in {H}askell},
        booktitle       = {Haskell Symposium},
        year            = {2011},
        publisher       = {ACM},
        ee              = {http://doi.acm.org/10.1145/2034675.2034684},
        bibsource       = {DBLP, http://dblp.uni-trier.de}
}

@inproceedings{Lippmeier:Guiding,
        author          = {Lippmeier, Ben and Chakravarty, Manuel and Keller, Gabriele and Peyton Jones, Simon},
        title           = {Guiding parallel array fusion with indexed types},
        booktitle       = {Haskell Symposium},
        year            = {2012},
        numpages        = {12},
        publisher       = {ACM}
} 


% -- m ------------------------------------------------------------------------
@inproceedings{Ma:ifp-shared-memory,
        author          = {Ma, Wenjing and Agrawal, Gagan},
        title           = {An integer programming framework for optimizing shared memory use on {GPU}s},
        booktitle       = {PACT: Parallel Architectures and Compilation Techniques},
        year            = {2010},
        publisher       = {ACM},
} 

@inproceedings{mainland:stream-fusion,
        title           = {Exploiting Vector Instructions with Generalized Stream Fusion},
        author          = {Mainland, Geoffrey and Leshchinskiy, Roman and Peyton Jones, Simon},
        year            = {2013},
        booktitle       = {ICFP: International Conference on Functional Programming},
        publisher       = {ACM}
}

@inproceedings{Mainland:nikola,
        author          = {Geoffrey Mainland and Greg Morrisett},
        title           = {Nikola: Embedding Compiled {GPU} Functions in {H}askell},
        booktitle       = {Haskell Symposium},
        year            = {2010},
        publisher       = {ACM}
}

@inproceedings{Meijer:bananas,
        author          = {Erik Meijer and
                             Maarten M. Fokkinga and
                             Ross Paterson},
        title           = {Functional Programming with Bananas, Lenses, Envelopes and
                                Barbed Wire},
        booktitle       = {FPCA: Functional Programming and Computer Architecture},
        year            = {1991}
}


% -- p ------------------------------------------------------------------------
@article{PeytonJones:Inliner,
        author          = {Peyton Jones, Simon and Marlow, Simon},
        title           = {{Secrets of the Glasgow Haskell Compiler inliner}},
        journal         = {J. Funct. Program.},
        issue_date      = {July 2002},
        volume          = {12},
        number          = {5},
        month           = jul,
        year            = {2002},
        publisher       = {Cambridge University Press}
}        

@incollection{PeytonJones:StorageManager,
        author          = {Peyton Jones, Simon and Marlow, Simon and Elliott, Conal},
        title           = {{Stretching the Storage Manager: Weak Pointers and Stable Names in Haskell}},
        booktitle       = {IFL: Implementation of Functional Languages},
        year            = {2000},
        publisher       = {Springer Heidelberg}
}

% -- r ------------------------------------------------------------------------

@inproceedings{Rompf-etal:Delite,
        author          = {Rompf, Tiark and Sujeeth, Arvind K. and Amin, Nada and Brown, Kevin J. and Jovanovic, Vojin and  Lee, HyoukJoong and Odersky, Martin and Olukotun, Kunle},
        title           = {Optimizing Data Structures in High-Level Programs: New Directions for Extensible Compilers based on Staging},
        booktitle       = {POPL: Symposium on Principles of Programming Languages},
        year            = {2013},
        publisher       = {ACM}
}

% -- s ------------------------------------------------------------------------

@inproceedings{Satish:2009kx,
        author          = {Satish, Nadathur and Harris, Mark and Garland, Michael},
        title           = {{Designing efficient sorting algorithms for manycore GPUs}},
        booktitle       = {IPDPS: Parallel and Distributed Processing},
        year            = {2009},
        publisher       = {IEEE Computer Society}
}


@inproceedings{Sato:Skeletal-fusion,
        author          = {Sato, Shigeyuki and Iwasaki, Hideya},
        title           = {A Skeletal Parallel Framework with Fusion Optimizer for {GPGPU} Programming},
        booktitle       = {APLAS: Asian Symposium on Programming Languages and Systems},
        year            = {2009},
        publisher       = {Springer-Verlag}
} 


@inproceedings{Matsuzaki:Skeletal-expression-templates,
        author          = {Matsuzaki, Kiminori and Emoto, Kento},
        title           = {Implementing fusion-equipped parallel skeletons by expression templates},
        booktitle       = {IFL: Implementation and Application of Functional Languages},
        year            = {2010},
        publisher       = {Springer-Verlag}
} 


@inproceedings{Sengupta:2007tc,
        author          = {Sengupta, Shubhabrata and Harris, Mark and Zhang, Yao and Owens, John D},
        title           = {{Scan primitives for {GPU} computing}},
        booktitle       = {SIGGRAPH/EUROGRAPHICS Symposium on Graphics Hardware},
        year            = {2007},
        publisher       = {Eurographics Association}
}


@inproceedings{Stam:1999ey,
        author          = {Stam, Jos},
        title           = {{Stable fluids}},
        booktitle       = {SIGGRAPH: Computer graphics and Interactive Techniques},
        year            = {1999},
        publisher       = {ACM Press}
}


% -- t ------------------------------------------------------------------------
@inproceedings{Takano:shortcut-calculational,
        author          = {Akihiko Takano and Erik Meijer},
        title           = {Shortcut Deforestation in Calculational Form},
        booktitle       = {Functional Programming Languages and Computer Architecture},
        year            = {1995},
        publisher       = {ACM}
}


% -- w ------------------------------------------------------------------------
@article{Williams:2009,
        author          = {Williams, Samuel and Oliker, Leonid and Vuduc, Richard and Shalf, John and Yelick, Katherine and Demmel, James},
        title           = {{Optimization of sparse matrix-vector multiplication on emerging multicore platforms}},
        journal         = {Parallel Computing},
        year            = {2009},
        volume          = {35},
        number          = {3}
}


% -- z ------------------------------------------------------------------------
@inproceedings{Zhang:2010jc,
        author          = {Zhang, Eddy and Jiang, Yunlian and Guo, Ziyu and Shen, Xipeng},
        title           = {{Streamlining GPU applications on the fly}},
        booktitle       = {International Conference on Supercomputing},
        year            = {2010},
        publisher       = {ACM Press}
}

