

% -- a ------------------------------------------------------------------------
@techreport{Abadi:explicit-substitutions,
    author  = {M. Abadi and L. Cardelli and P.-L. Curien and J.-J. LÃ©vy},
    title   = {Explicit substitutions},
    year    = {1990},
    institution = {digital Systems Research Center}
}


@inproceedings{Aydermir:formal-metatheory,
  author    = {Brian E. Aydemir and
               Arthur Chargu{\'{e}}raud and
               Benjamin C. Pierce and
               Randy Pollack and
               Stephanie Weirich},
  title     = {Engineering formal metatheory},
  booktitle = {Principles of Programming Languages},
  year      = {2008},
  crossref  = {DBLP:conf/popl/2008},
  url       = {http://doi.acm.org/10.1145/1328438.1328443},
  doi       = {10.1145/1328438.1328443},
  timestamp = {Tue, 22 May 2012 15:24:56 +0200},
  biburl    = {http://dblp.uni-trier.de/rec/bib/conf/popl/AydemirCPPW08},
  bibsource = {dblp computer science bibliography, http://dblp.org}
}


@article{Augustsson:names,
  author    = {Lennart Augustsson and
               Mikael Rittri and
               Dan Synek},
  title     = {On Generating Unique Names},
  journal   = {Journal of Functional Programming},
  volume    = {4},
  number    = {1},
  year      = {1994},
}

% -- c ------------------------------------------------------------------------
@article{Chargueraud:locally-nameless,
  author    = {Arthur Chargu{\'{e}}raud},
  title     = {The Locally Nameless Representation},
  journal   = {Journal of Automated Reasoning},
  volume    = {49},
  number    = {3},
  year      = {2012},
  url       = {http://dx.doi.org/10.1007/s10817-011-9225-2},
  doi       = {10.1007/s10817-011-9225-2},
  timestamp = {Thu, 25 Oct 2012 21:20:16 +0200},
  biburl    = {http://dblp.uni-trier.de/rec/bib/journals/jar/Chargueraud12},
  bibsource = {dblp computer science bibliography, http://dblp.org}
}


@article{Curien:explicit-substitutions,
    author      = {Pierre-Louis Curien and Therese Hardin and Jean-Jacques Levy},
    title       = {Confluence properties of Weak and Strong Calculi of Explicit Substitutions},
    journal     = {Journal of the ACM},
    year        = {1996},
    volume      = {43}
}

% -- d ------------------------------------------------------------------------
@article{deBruijn:nameless-dummies,
  author    = {N. G. De Bruijn},
  title     = {Lambda calculus notation with nameless dummies, a tool for automatic formula manipulation, with application to the Church-Rosser Theorem},
  journal   = {Indagationes Mathematicae},
  year      = {1972},
  volume    = {34}
}

% -- f ------------------------------------------------------------------------
@inproceedings{Fernandez:closed-reductions,
  author    = {Maribel Fern{\'{a}}ndez and
               Ian Mackie},
  title     = {Closed Reductions in the lambda-Calculus},
  booktitle = {Computer Science Logic},
  year      = {1999},
  crossref  = {DBLP:conf/csl/1999},
  url       = {http://dx.doi.org/10.1007/3-540-48168-0_16},
  doi       = {10.1007/3-540-48168-0_16},
  timestamp = {Tue, 22 Sep 2009 11:27:02 +0200},
  biburl    = {http://dblp.uni-trier.de/rec/bib/conf/csl/FernandezM99},
  bibsource = {dblp computer science bibliography, http://dblp.org}
}


% -- m ------------------------------------------------------------------------
@inproceedings{McKinna:pts-formalized,
  author    = {James McKinna and
               Robert Pollack},
  title     = {Pure Type Systems Formalized},
  booktitle = {Typed Lambda Calculi and Applications},
  year      = {1993},
  crossref  = {DBLP:conf/tlca/1993},
  url       = {http://dx.doi.org/10.1007/BFb0037113},
  doi       = {10.1007/BFb0037113},
  timestamp = {Tue, 14 Jun 2011 20:35:53 +0200},
  biburl    = {http://dblp.uni-trier.de/rec/bib/conf/tlca/McKinnaP93},
  bibsource = {dblp computer science bibliography, http://dblp.org}
}


@inproceedings{McBride:not-a-number,
    author      = {Conor Mcbride and James Mckinna},
    title       = {I am not a number: I am a free variable},
    booktitle   = {Haskell Workshop},
    year        = {2004}
}


@inproceedings{Mellies:not-terminate,
  author    = {Paul{-}Andr{\'{e}} Melli{\`{e}}s},
  title     = {Typed lambda-calculi with explicit substitutions may not terminate},
  year      = {1995},
}

% -- g ------------------------------------------------------------------------
@inproceedings{Gordon:five-axioms,
    author = {Andrew D. Gordon and Tom Melham},
    title = {Five axioms of alpha-conversion},
    booktitle = {Theorem Proving in Higher Order Logics},
    year = {1996}
}


% -- p ------------------------------------------------------------------------
@inproceedings{Pfenning:hoas,
    author = {Frank Pfenning and Conal Elliott},
    title  = {Higher Order Abstract Syntax},
    booktitle = {Programming Language Design and Implementation},
    year      = {1988}
}


@inproceedings{Pitts:nominal,
  author    = {Andrew M. Pitts},
  title     = {Nominal Logic: {A} First Order Theory of Names and Binding},
  booktitle = {Theoretical Aspects of Computer Software},
  year      = {2001}
}

@book{Pierce:SoftwareFoundations,
  author = {Benjamin C. Pierce and Chris Casinghino and Marco Gaboardi and
                  Michael Greenberg and C\v{a}t\v{a}lin Hri\c{t}cu 
                  and Vilhelm Sjoberg and Brent Yorgey},
  title = {Software Foundations},
  year  = {2015},
  publisher = {Electronic textbook},
  note = {http://www.cis.upenn.edu/~bcpierce/sf}
}


% -- r ------------------------------------------------------------------------
@inproceedings{Reynolds:type-structure,
 author  = {Reynolds, John C.},
 title =   {Towards a Theory of Type Structure},
 booktitle = {Programming Symposium, Proceedings Colloque Sur La Programmation},
 year = {1974},
 publisher = {Springer-Verlag},
} 


% -- s ------------------------------------------------------------------------
@inproceedings{Santo:delayed-substitutions,
  author    = {Jos{\'{e}} Esp{\'{\i}}rito Santo},
  title     = {Delayed Substitutions},
  booktitle = {Term Rewriting and Applications},
  pages     = {169--183},
  year      = {2007},
}

@misc{Shivers:bottom-up-beta,
    author = {Olin Shivers and Mitchell Wand},
    title  = {Bottom-Up beta-Substitution: Uplinks and lambda-{DAG}s},
    note   = {Basic Research in Computer Science, University of Aarhus},
    year   = {2004}
}

