
@inproceedings{ baker-finch:sfp99,
author          = "Clem Baker-Finch",
title           = "Parallel Lazy Abstract Machines",
booktitle       = "Proceedings of the First Scottish Functional Programming Workshop",
place           = "University of Stirling, Bridge of Allan, Scotland",
year            = 1999,
pages           = "33--42"
}


@inproceedings{baker-finch+king+trinder:icfp2000,
author		= "Clem Baker-Finch and David King and Phil Trinder",
title		= "An Operational Semantics for Parallel Lazy Evaluation",
booktitle	= "{ACM-SIGPLAN} International Conference on Functional Programming {(ICFP'00)}",
place		= "Montreal",
year		= 2000,
pages		= "162-173",
publisher	= "ACM"
}


@inproceedings{	greiner:popl96,
author          = "John Greiner and Guy Blelloch",
title           = "A Provably Time-Efficient Parallel Implementation of
                   Full Speculation",
booktitle       = "Proceedings of the 23rd ACM Symposium on Principles of Programming Languages",
year            = 1996,
month           = jan,
pages           = "309--321"
}

@InProceedings{ gum-ifl,
  author = 	 {Philip W. Trinder and Kevin Hammond and James S. {Mattson Jr.} and Andrew S. Partridge and Simon L. {Peyton Jones}},
  title = 	 {{GUM}: a portable implementation of {H}askell},
  booktitle = 	 {International Workshop on the Implementation of Functional Languages},
  month = 	 sep,
  year = 	 {1995},
  address = 	 {Bastad, Sweden}
}


@inproceedings{ king:stratprof,
  author	= "King D. J. and Hall J. G. and Trinder P. W",
  title		= "A Strategic Profiler for {G}lasgow {P}arallel {H}askell {(GpH)}",
  booktitle     = "Proceedings of the 10th Int. Workshop on Implementation of Functional Languages",
  place		= "University College London, England",
  year          = 1998,
  month		= sep,
  pages		= {90--104},
}



@PhdThesis{	loidl:thesis,
  author =       {Hans-Wolfgang Loidl},
  title =        {Granularity in Large-Scale Parallel Functional Programming},
  school =       {Department of Computing Science, University of Glasgow},
  year =         1998,
  month =        mar
}


@Article{	sestoft:abstractmachine,
  author =	{Peter Sestoft},
  title =	{Deriving a Lazy Abstract Machine},
  journal =      {Journal of Functional Programming},
  year =         1997,
  volume =       7,
  number =       3,
  month =        may,
  pages =        {231--264}
}

@Article{trinder:strategies,
  author = 	 {Philip W. Trinder and Kevin Hammond and Hans-Wolfgang Loidl and Simon L. {Peyton Jones}},
  title = 	 {Algorithm + {S}trategy = {P}arallelism},
  journal = 	 {Journal of Functional Programming},
  year = 	 {1998},
  volume = 	 {8},
  number = 	 {1},
  month = 	 jan,
  pages = 	 {23--60}
}

